3352 5490
239 336 303 399 506
789 336 974 398 PlllSClllNl

289 450 450 503 plerane.
1324 450 1500 503 man-4⁸1,

236 523 308 582 haec
330 541 467 601 gausape.
512 521 565 582 [lic
587 522 743 583 derivativa
763 542 779 582 a
799 522 896 583 (loma.
940 521 1140 594 domicilium,
1163 521 1367 598 domesticus,
1391 523 1548 597 dominus,

234 622 321 684 eloneo
341 623 444 683 domas
460 623 573 694 domat,
597 624 654 684 hoc
677 632 722 684 est
740 624 795 685 sub
815 624 902 685 domo
922 631 951 683 et
965 629 1110 702 potestate
1124 641 1188 684 mea
1204 624 1297 685 lacie:
1321 626 1407 686 unde
1426 625 1546 687 maris

236 725 396 786 domitor
423 744 475 804 pro
497 725 635 786 alerannus
658 733 687 784 et
710 725 884 786 dominator.
921 723 1004 802 [inde
1031 724 1117 785 etiam
1140 724 1303 806 dominus]
1340 725 1417 787 hine
1440 725 1545 787 lto-i·

168 837 216 889 loa
235 826 293 886 tius
315 835 345 886 et
367 826 558 886 lloruitianus.
604 825 657 886 llic
684 824 821 885 adverbia
853 844 888 885 ex
917 822 1002 887 hoc.¹
1023 827 1056 887 lu
1086 825 1151 886 loco
1173 826 1269 896 domi,
1298 826 1336 887 ad
1360 827 1468 889 locum
1489 828 1544 895 do-

234 947 330 999 mum,
359 927 395 987 de
424 927 490 987 loco
516 927 620 998 domo,
649 944 725 1004 quae
748 927 850 988 Graeci
872 926 974 987 dicunt
1001 925 1082 986 olam
1103 925 1207 986 οἴκαδε
1229 921 1364 988 οἰκόθεν.
1411 929 1472 992 Dic
1488 928 1561 992 (ΙΝ

233 1028 413 1090 minutirum.
452 1028 643 1090 [lomuncula.

320 1129 564 1209 Omnipotens
590 1149 665 1208 quae
692 1149 760 1209 pars
791 1130 932 1191 orationis
957 1128 1022 1192 est?
1063 1130 1184 1192 Nomen.
1221 1128 1340 1202 Quale?
1372 1130 1541 1211 Appellati-

234 1250 309 1292 rum.
354 1231 444 1291 Citius
476 1230 607 1312 speciei?
648 1230 827 1302 Adiectiiae,
862 1232 971 1311 liparae
1005 1233 1195 1311 compositae.
1240 1231 1284 1292 Ex
1317 1230 1452 1311 quibua?
1493 1232 1539 1294 lix

234 1333 327 1394 tribus
351 1333 513 1412 corruptis,
540 1332 671 1394 omnium
693 1341 722 1392 et
746 1332 822 1410 petis
845 1340 875 1392 et
896 1353 964 1407 eus,
991 1333 1019 1393 id
1044 1333 1160 1412 estqui
1183 1333 1312 1394 omnium
1331 1329 1337 1415 Ι
1357 1331 1459 1416 politis
1480 1340 1536 1394 est.

233 1436 343 1512 antiqui
368 1435 445 1495 euim
469 1453 523 1495 ens
545 1433 681 1495 dicebant
708 1433 892 1513 participium
911 1434 948 1495 ab
971 1454 1007 1496 eo
1029 1434 1108 1512 quod
1128 1443 1174 1496 est
1193 1452 1259 1496 sum
1280 1452 1322 1494 es
1369 1434 1439 1496 ideo
1461 1452 1569 1513 ergon

234 1554 391 1615 apossum
410 1536 497 1596 uerbo
519 1544 624 1615 potens
646 1537 778 1596 nascitur
797 1544 854 1595 tam
873 1535 1059 1616 participium
1083 1554 1170 1615 quiam
1192 1553 1318 1610 nomem
1341 1535 1395 1596 sed
1413 1536 1536 1614 quande

233 1636 421 1718 participium
450 1645 510 1709 est,
540 1644 569 1696 et
598 1646 714 1716 tempus
742 1636 886 1714 significat
914 1647 944 1698 et
970 1637 1137 1699 accusativo
1166 1636 1317 1697 nominum
1344 1637 1391 1696 uel
1416 1636 1534 1699 infinito

234 1737 389 1798 uerborum
408 1737 596 1815 coniungitur
623 1757 679 1798 nec
708 1739 955 1817 comparationem
983 1739 1104 1817 accipit,
1128 1746 1159 1798 ut
1181 1739 1299 1818 ‘potens
1320 1736 1397 1798 bella
1422 1738 1533 1801 lacere‘

168 1841 217 1895 lta
234 1838 278 1898 rel
301 1840 421 1916 ‘potens
442 1842 594 1915 pugnare’.
619 1840 735 1918 quando
755 1850 853 1900 autem
875 1860 983 1901 nomen
1005 1848 1065 1913 est,
1090 1846 1170 1900 earet
1191 1822 1322 1920 tempore
1343 1848 1373 1900 et
1394 1839 1533 1918 genetivo

234 1938 421 2014 coniungitur
443 1940 748 2020 comparationemque
770 1941 873 2014 habet,
896 1950 928 2003 ut
949 1951 1055 2022 potens
1072 1941 1162 2002 maris
1184 1950 1213 2001 et
1234 1958 1336 2001 amans
1359 1940 1454 2015 illius,
1477 1960 1565 2022 pe-ea

235 2040 342 2102 tentior
359 2049 388 2100 et
410 2041 560 2102 amantior.
593 2043 636 2104 sie
659 2062 730 2122 ergo
748 2044 846 2105 omnia
862 2043 1014 2124 partieipia
1045 2042 1150 2103 similia
1173 2060 1333 2120 pessumus
1361 2040 1534 2103 discerncre

234 2152 365 2223 tempore
394 2153 423 2202 et
451 2143 656 2205 coniunctione
683 2163 803 2206 casuum
834 2152 863 2205 et
887 2144 1113 2224 comparatione.
1159 2142 1183 2204 si
1213 2142 1290 2203 enim
1319 2142 1399 2203 verbi
1428 2161 1532 2205 mum

234 2264 293 2305 non
321 2253 495 2321 sequantur,
523 2245 552 2305 in
582 2246 638 2306 rim
667 2248 817 2307 nominum
844 2254 1010 2320 transeunt;
1039 2244 1187 2316 similiter,
1209 2245 1235 2306 si
1255 2253 1382 2323 tempus·
1396 2243 1533 2305 amittant

235 2356 264 2406 et
291 2347 315 2406 si
344 2346 593 2424 comparationem
625 2356 791 2419 assumant,
822 2358 854 2408 ut
884 2348 1010 2425 fugitans
1035 2346 1145 2419 litium,
1173 2346 1279 2406 doctus
1310 2327 1530 2423 grammaticae,

167 2451 216 2504 195
235 2448 348 2508 doctior
368 2446 566 2508 doctissimus.
613 2449 722 2510 Corin
746 2449 781 2508 tis
803 2448 911 2509 desiuit
932 2445 1104 2526 genetivus?
1142 2447 1215 2518 Quia
1239 2446 1335 2507 omnia
1357 2446 1479 2508 nemina
1499 2447 1562 2509 inae

234 2550 259 2610 ls
279 2549 323 2609 uel
345 2569 380 2608 ns
402 2547 446 2608 rel
469 2568 499 2609 rs
518 2548 681 2611 desinentia
704 2549 874 2628 interposita
898 2550 919 2610 ti
943 2549 1054 2610 iaciunt
1075 2550 1254 2628 genetivum.
1284 2556 1316 2608 ut
1338 2547 1407 2628 puls
1429 2549 1544 2627 pultis‚·

234 2670 319 2712 orons
347 2650 469 2721 montis,
502 2669 550 2710 ars
574 2651 660 2723 artis,
689 2650 817 2730 exceptis
841 2651 1023 2711 differentiae
1052 2669 1141 2712 causa
1168 2652 1250 2710 lrons
1273 2649 1387 2710 faetidis
1409 2657 1440 2710 et
1466 2649 1531 2710 lens

234 2752 343 2812 leudis:
373 2760 523 2831 praeterea
550 2751 633 2828 glans
656 2751 784 2831 glandis
807 2753 890 2813 cuius
912 2751 1027 2830 uiridem
1051 2753 1139 2812 etiam
1163 2751 1287 2812 similem
1309 2750 1444 2828 genetiuo
1467 2751 1529 2830 qui·

234 2855 301 2915 dam
331 2852 512 2934 protulerunt
541 2853 759 2913 nominativum.
801 2853 942 2933 libripens
974 2870 1090 2931 quoquc
1118 2853 1290 2933 libripendis
1319 2851 1388 2912 lacit
1415 2861 1530 2913 serrata

235 2965 416 3018 consonante
439 2953 518 3014 uerbi
541 2952 647 3032 pendo.
671 2963 823 3033 praeterea
839 2973 854 3014 a
871 2955 959 3015 corde
982 2954 1143 3034 composita
1167 2953 1344 3017 deerrantia
1367 2971 1422 3032 pre
1441 2961 1454 3012 t
1475 2972 1562 3014 noae

235 3058 321 3120 tanda
350 3065 438 3129 sunt,
467 3072 592 3114 concors
620 3055 790 3128 concordis,
816 3056 930 3117 discors
954 3056 1113 3129 discordis,
1138 3074 1239 3117 uecors
1259 3053 1402 3115 vecordis.
1448 3073 1529 3116 cem·

234 3160 394 3241 peraticum
414 3155 531 3235 quidem
551 3165 656 3235 potens
675 3158 822 3236 potentior
843 3157 1065 3237 potentissimus
1080 3156 1201 3231 dicitur;
1220 3155 1407 3235 omnipotens
1429 3164 1529 3217 autem

137 3328 146 3345 ,
234 3262 299 3322 ideo
321 3280 380 3321 non
406 3267 503 3339 potest
527 3258 636 3318 habere
661 3258 906 3338 comparativum,
930 3260 996 3337 quia
1018 3260 1161 3334 prodest
1182 3276 1270 3337 sopra
1293 3257 1389 3317 omnia
1418 3257 1529 3317 nemini

170 3368 217 3421 196
235 3372 332 3444 potest
358 3359 552 3441 comparari
575 3359 634 3420 Fac
660 3360 696 3419 ab
726 3379 760 3420 eo
789 3359 867 3437 quod
894 3367 938 3420 est
966 3367 1071 3439 potens
1098 3360 1193 3439 ipsam
1221 3377 1293 3418 rem.
1338 3357 1473 3419 Potentia
1500 3365 1530 3419 et

200 3441 217 3458 '⁵
233 3472 372 3543 potestas.
419 3461 493 3532 Quid
513 3461 635 3522 interest
653 3461 729 3522 inter
749 3461 909 3541 potentiam
931 3467 959 3519 et
981 3459 1177 3539 potestatem?
1200 3461 1335 3521 Potestas
1352 3459 1447 3537 magis
1472 3479 1562 3539 prosu

234 3565 260 3624 ri
284 3565 442 3642 accipitur,
462 3563 591 3641 potentia
615 3571 710 3623 autem
730 3583 784 3642 pro
807 3563 930 3622 dicione.
979 3561 1096 3640 quidam
1118 3571 1215 3622 autem
1235 3562 1320 3622 etiam
1344 3568 1529 3640 potentatum

234 3665 375 3725 dixerunt.
420 3662 539 3722 llecliua
573 3663 702 3724 verluun.
748 3665 915 3723 [iudicarim
943 3665 1030 3723 modo
1063 3672 1192 3739 tempore
1226 3666 1381 3738 praesenti
1405 3680 1529 3742 possum

233 3774 318 3845 potes
340 3772 452 3844 potest,
479 3764 606 3841 leodem
628 3765 716 3825 modo
739 3774 869 3845 tempore
895 3765 1052 3844 praeterito
1079 3765 1251 3844 imperfecto
1270 3772 1418 3844 poteram,
1444 3784 1530 3844 prae-

233 3865 319 3926 terito
341 3866 471 3944 perlecto
490 3865 587 3945 potui,
611 3865 768 3945 praeterito
786 3866 1081 3947 pilusqonnpulecto
1094 3876 1262 3946 potueram,
1285 3867 1384 3928 loturo
1407 3876 1529 3946 pelero;

231 3966 403 4048 imperativo
426 3967 572 4046 praesenti
592 3968 627 4028 ad
651 3969 811 4029 secundam
834 3976 863 4030 'et
885 3969 1000 4029 tertiam
1026 3987 1183 4048 personam
1209 3978 1293 4048 potes
1318 3968 1427 4048 possit,
1457 3988 1561 4048 pos-as

267 4314 273 4318 .
320 4255 414 4306 lhaee
430 4270 547 4321 gausapa
564 4269 581 4312 ς
597 4261 623 4305 et
639 4255 788 4306 Priscianus
804 4270 830 4317 ρ.
851 4255 902 4306 750
987 4256 1069 4306 asub
1086 4257 1235 4312 dominius
1305 4256 1383 4304 maris
1406 4253 1527 4321 domitor]

236 4327 315 4391 Verp.
334 4326 400 4375 Aen.
417 4325 438 4372 V
455 4324 506 4376 709
592 4323 689 4375 diade
705 4326 852 4374 rtdomitos
874 4325 1058 4375 Lindemauuur
1143 4324 1345 4377 ddomiculad'
1419 4325 1450 4375 17
1467 4340 1528 4376 coa-

231 4396 359 4445 iunotione
386 4394 573 4444 Lindemannua
590 4396 790 4460 .ooniugatione
810 4394 873 4445 068
946 4394 975 4444 18
994 4396 1189 4460 sequunturCS
1259 4396 1375 4445 amittant
1393 4408 1410 4451 ς
1429 4396 1529 4446 amittat

233 4464 295 4515 068
379 4462 410 4513 te
428 4472 542 4513 assumat
560 4463 625 4514 068
648 4474 817 4522 assumunt5
887 4468 921 4515 ²2
938 4480 980 4515 ars
998 4467 1060 4515 artis
1079 4465 1100 4514 6
1117 4480 1177 4531 pars
1196 4465 1275 4530 portis
1294 4464 1335 4516 OS
1405 4464 1440 4514 28
1458 4466 1529 4527 quod

233 4542 271 4582 est
288 4549 334 4583 om.
353 4532 417 4583 068
427 4548 433 4581 :
446 4541 471 4581 et
489 4542 528 4583 eet
547 4548 624 4599 supro
645 4535 728 4583 omniu
745 4543 798 4590 εις
868 4534 903 4585 te
921 4544 1012 4601 potens
1030 4535 1216 4585 (liriuatiunm.
1236 4535 1268 4584 il!
1284 4535 1366 4600 ipsum
1384 4548 1439 4583 rem
1455 4533 1477 4583 8

232 4601 266 4651 30
283 4602 345 4664 quid
360 4602 462 4651 interest
481 4603 547 4652 inter
564 4605 703 4667 potentiam
722 4610 746 4652 et
766 4613 918 4667 potestatem
936 4604 982 4655 doe
1002 4607 1056 4654 loeo
1072 4607 1163 4655 muiaaa
1180 4611 1239 4666 post
1256 4603 1289 4654 32
1307 4604 1428 4653 dixerunt
1442 4612 1528 4655 trana-

230 4673 314 4732 pon'tu
331 4671 468 4721 euntiud
519 4670 554 4721 30
573 4680 597 4719 et
617 4681 769 4738 potestatem
787 4699 821 4709 -
839 4674 870 4725 31
889 4676 1003 4740 potentie
1023 4676 1109 4726 oruc
1161 4674 1229 4736 qood
1247 4676 1360 4738 potentia
1379 4673 1463 4738 mugio
1480 4688 1527 4739 pro

231 4741 258 4788 ui
281 4740 402 4860 suffitur
425 4748 538 4805 potestas
561 4749 644 4790 autem
667 4757 713 4807 pro
740 4743 849 4792 dictione
869 4757 886 4800 ς
956 4742 991 4795 ³2
1009 4744 1146 4794 lndieatiro
1169 4744 1245 4793 modo
1267 4751 1380 4807 tempore
1398 4744 1528 4807 praesenti

231 4823 276 4861 oin.
