3396 5482
193 348 255 410 494
749 346 933 408 PRlSClle

245 475 267 515 p.
282 461 377 502 reveno
392 462 415 502 r.
1286 460 1447 518 puseus.

191 535 300 594 dictum
328 542 382 593 est.
427 534 466 593 Et
492 532 568 592 uude
590 550 749 612 possumus
770 532 846 592 scire
867 530 1083 592 differentiam?
1118 533 1141 593 d
1162 533 1296 593 iunctura
1320 540 1351 593 ct
1372 531 1502 595 ordina-

193 635 286 708 tione,
314 634 342 693 id
371 643 415 694 est
442 624 502 693 ἀπὸ
528 634 579 710 τῆς
608 625 789 706 συντάξεως,
818 650 893 710 (quae
916 633 1000 694 licite
1023 614 1120 713 polest
1145 632 1213 695 sciri
1238 652 1273 695 ex
1295 633 1500 712 singularium

192 737 341 809 iunctura,
370 754 446 814 quae
474 754 533 796 nou
561 734 671 795 liabent
699 735 808 795 similes
831 734 957 795 dativum
981 744 1011 793 et
1032 733 1205 808 ablativum,
1235 743 1267 795 nt
1291 735 1320 795 in
1348 734 1500 797 omnibus

193 837 303 923 primae
330 837 534 897 declinationis
563 836 731 897 nominibus
760 844 789 896 et
816 835 918 895 tertiae
944 836 973 895 in
997 854 1013 896 e
1036 834 1257 899 terminantibus
1280 836 1442 899 ablativum
1465 846 1499 899 et

128 952 177 1003 teo
193 947 313 1016 quartae
330 946 359 998 et
378 939 505 1016 quintae.
541 937 570 997 in
591 937 637 998 his
659 938 735 997 enirn
760 937 913 998 manifeste
934 937 1063 997 ostendit
1077 955 1165 997 casus
1187 937 1392 998 differentiam.
1424 957 1524 1000 curua

191 1040 279 1117 igitur
299 1040 419 1101 verbum
442 1039 549 1100 dedisti
572 1040 636 1100 siue
659 1039 747 1099 dubio
767 1038 893 1099 dativum
918 1038 1023 1116 exigit,
1047 1038 1139 1116 siquis
1158 1057 1246 1117 supra
1269 1039 1415 1101 dictarum
1442 1040 1499 1101 de-

191 1140 378 1207 clinationum
402 1160 509 1202 nornen
537 1141 669 1213 ordinet,
691 1158 815 1200 necesse
842 1148 886 1200 est
908 1140 1034 1200 dativum
1057 1138 1231 1218 adiungere,
1253 1140 1360 1202 dedisti
1383 1149 1498 1221 poetae

189 1243 234 1303 vel
267 1242 377 1303 bomini
405 1243 448 1302 vel
478 1243 591 1303 senatui
619 1240 663 1301 vel
686 1241 744 1309 rei.
789 1260 847 1301 non
874 1240 941 1301 licet
964 1241 1041 1301 enim
1069 1241 1125 1302 nisi
1158 1242 1282 1303 dativum
1306 1242 1375 1304 huic
1398 1242 1496 1304 verbo

190 1344 357 1422 adiungere.
403 1352 432 1404 et
454 1353 538 1417 nota,
573 1342 651 1422 quod
674 1351 812 1420 quntuor
833 1342 942 1401 babent
964 1341 1191 1404 declinationum
1214 1341 1396 1405 differentias
1421 1362 1496 1424 pro-

189 1446 317 1507 nomina.
364 1455 434 1506 sunt
462 1445 538 1505 enim
571 1462 645 1522 quae
675 1452 734 1505 tam
761 1443 926 1521 genetivum
956 1462 1042 1521 quam
1071 1444 1198 1505 dativum
1227 1444 1257 1504 in
1284 1444 1291 1504 i
1316 1444 1492 1518 terminant,
1504 1466 1532 1509 ru

189 1554 353 1625 quaesunt
375 1547 429 1607 tria
453 1555 482 1608 et
504 1546 668 1607 communia
692 1547 778 1606 trium
804 1563 959 1622 generum,
982 1553 1015 1605 ut
1036 1562 1090 1623 ego
1110 1545 1167 1605 mei
1191 1545 1277 1619 mibi,
1300 1558 1332 1607 tu
1354 1545 1396 1606 tui
1420 1546 1488 1619 tibi,

123 1664 172 1716 150
189 1649 234 1710 sui
261 1649 324 1709 sibi.
365 1657 433 1709 sunt
459 1667 534 1726 quac
562 1647 725 1725 genetivum
754 1647 782 1706 in
810 1647 872 1719 ius,
904 1646 1030 1706 dativum
1053 1665 1122 1706 vero
1151 1646 1181 1706 in
1209 1646 1217 1707 i
1240 1648 1410 1726 proterunt,
1434 1649 1488 1727 qui

190 1768 277 1810 casus
304 1768 475 1809 communes
503 1757 572 1809 sunt
600 1747 685 1808 trivrm
716 1766 875 1825 generum,
902 1757 934 1807 ut
958 1747 1007 1808 ille
1028 1747 1106 1808 illius
1131 1748 1188 1822 illi,
1211 1748 1274 1828 ipsc
1296 1748 1390 1827 ipsius
1415 1748 1487 1828 ipsi,

189 1850 245 1911 iste
264 1849 348 1910 istius
368 1850 432 1922 isti,
453 1851 500 1910 hic
520 1850 607 1910 hrrius
629 1849 712 1923 buic,
735 1850 761 1910 is
783 1849 847 1910 cius
868 1849 903 1910 ei.
949 1857 1017 1909 seint
1040 1848 1092 1909 alia
1116 1869 1192 1928 quae
1213 1858 1354 1910 seruntur
1374 1868 1490 1911 seeun-

190 1951 244 2012 dae
266 1950 469 2015 declinationis
490 1949 641 2012 mobilium
665 1951 805 2029 regulam,
824 1951 918 2029 epirotia
942 1959 1010 2010 sunt
1030 1952 1193 2029 possessiva
1211 1952 1298 2024 baec,
1316 1969 1400 2011 mens
1417 1959 1490 2013 tuus
1501 1972 1527 2013 rs

190 2071 262 2114 suus
284 2061 386 2113 noster
407 2062 512 2114 vester.
560 2060 628 2113 seint
650 2052 705 2112 alia
733 2053 836 2113 tertiae
858 2051 1061 2113 declinationis
1084 2053 1234 2114 nominum
1257 2052 1490 2113 declinationem

191 2154 352 2226 servantia,
377 2164 408 2215 ut
430 2163 545 2216 nostras
567 2161 689 2226 vestras,
713 2150 870 2235 rneilfistratis
894 2153 1036 2215 vestratis.

124 2260 169 2311 15¹
275 2256 411 2317 Aeneia
442 2275 517 2335 clerae
544 2275 614 2336 pars
649 2255 789 2315 orationis
825 2253 890 2315 cst‘t
926 2255 1049 2315 Nomen.
1102 2250 1216 2325 Quale?
1255 2252 1489 2335 Appellativum:

189 2359 321 2436 quamvis
344 2358 419 2418 enim
443 2357 626 2438 possessoris
648 2356 798 2436 proprium
820 2339 932 2416 nornen'
947 2357 1107 2434 significet,
1131 2365 1226 2417 tarnen
1249 2356 1345 2416 omnis
1365 2376 1490 2436 posses·

190 2461 233 2520 sio
256 2460 318 2520 eius
337 2478 492 2520 commune
508 2459 564 2519 boc
580 2476 686 2519 nornen
704 2465 800 2536 potest
815 2456 939 2529 trabere,
964 2466 995 2518 ut
1008 2458 1114 2518 deneia
1136 2458 1365 2531 melundensis
1387 2476 1486 2533 ruens,
1497 2483 1526 2523 so

188 2562 294 2622 Aeneia
319 2561 426 2634 iacies,
450 2561 556 2621 Aeneia
580 2578 699 2631 manus,
722 2559 827 2619 Aeneia
851 2560 963 2631 nutrix,
990 2560 1116 2620 deneius
1138 2578 1221 2637 ager,
1245 2558 1372 2620 deneivrs
1396 2559 1487 2634 tilius,

188 2665 315 2724 densius
332 2664 427 2735 ensis,
451 2662 588 2722 deneium
606 2663 720 2733 lumen,
741 2660 880 2720 deneium
902 2679 1025 2734 nrunus,
1045 2661 1184 2722 dencium
1202 2679 1340 2738 reguum:
1366 2663 1488 2739 generis

189 2765 341 2835 feminini,
368 2763 480 2824 nutritori
507 2762 680 2839 singularis,
712 2764 822 2839 figurae
851 2762 1009 2841 simplicis,
1043 2762 1247 2823 declinationis
1276 2762 1396 2841 primae.
1442 2763 1488 2824 Ex

121 2878 170 2928 152
189 2886 247 2945 quc
276 2867 393 2928 nomine
420 2861 588 2925 derivatur?
627 2861 669 2923 nb
691 2864 805 2934 denen,
826 2864 863 2924 de
887 2882 945 2941 quo
974 2865 1002 2923 iu
1032 2864 1233 2942 superioribus
1261 2864 1347 2924 latius
1378 2873 1488 2927 tracta·

189 2969 291 3029 vimus.
382 2980 386 2987 “
1495 2993 1522 3034 rs

273 3069 404 3129 Nutrix
431 3085 505 3144 quae
529 3085 597 3146 pars
619 3067 760 3127 orationis
782 3064 849 3126 est?
884 3066 1006 3126 litimon.
1048 3063 1163 3137 Quale?
1204 3067 1414 3146 dppellativum
1439 3069 1486 3129 vel

189 3171 385 3231 derivativum.
431 3169 520 3233 (licius
543 3168 650 3247 sperici
674 3166 918 3229 derivativorum?
941 3167 1079 3228 Verbalis.
1120 3167 1237 3245 Exque
1256 3169 1344 3229 verbo
1366 3189 1487 3233 mascu-

189 3272 278 3332 linum
307 3272 369 3332 eins
395 3268 398 3352 i
424 3268 576 3331 nascitur?
616 3270 769 3329 duvrtriu.
811 3269 907 3330 solent
937 3279 1033 3331 autern
1067 3270 1096 3329 in
1127 3277 1173 3330 tor
1201 3270 1325 3330 verbalia
1360 3272 1389 3331 in
1427 3273 1486 3334 trix

189 3374 283 3432 tacere
313 3373 451 3433 feminina
477 3378 585 3430 rnutata
608 3389 642 3430 or
663 3371 692 3430 in
715 3370 773 3443 rix,
799 3380 830 3430 ut
852 3372 944 3431 lector
965 3371 1082 3444 lectrix,
1105 3380 1218 3432 amator
1241 3372 1371 3444 amatrix,
1395 3392 1487 3435 accu-

147 3479 153 3492 '
188 3483 267 3534 sator
287 3474 458 3532 accusatrix.
500 3472 529 3532 iu
560 3491 647 3551 supra
678 3472 756 3533 dieto
782 3491 849 3532 vero
869 3473 1034 3551 euphoniae
1057 3492 1144 3534 carisa
1166 3474 1209 3533 vel
1233 3472 1426 3549 alternitatisi,
1450 3476 1520 3541 ideo

189 3583 234 3635 est
255 3568 525 3653 παραλληλότητος,
550 3575 584 3634 tri
608 3572 716 3652 syllaba
742 3573 890 3633 subtracta
913 3583 959 3635 est
986 3583 1086 3635 eontra
1104 3576 1244 3653 regulam.
1289 3576 1361 3635 Cum
1388 3578 1487 3638 nutri·

189 3685 234 3735 tor
256 3676 333 3734 enirn
360 3676 397 3735 sit
418 3675 627 3747 vnasctdinum,
651 3674 751 3734 debuit.
773 3676 944 3736 lerniuivnnn
969 3676 1102 3737 revitritrix
1126 3695 1207 3748 esse,
1237 3675 1288 3737 sed
1313 3676 1485 3741 absurditas

123 3789 172 3840 153
188 3778 252 3839 soni
272 3777 376 3838 minuit
398 3775 543 3854 syllabam.
579 3776 970 3853 dquoverbodcrivatur'i
1010 3780 1031 3838 d
1047 3778 1144 3838 nutrio
1168 3779 1261 3838 nutris
1284 3779 1383 3839 urdrit.
1424 3779 1486 3843 lle-

186 3880 261 3940 cliua
286 3878 412 3939 verbum.
457 3877 558 3938 Nutrio
587 3878 704 3937 verlnrnr
737 3878 861 3939 activum
891 3879 1046 3938 indicativo
1076 3880 1163 3939 viredo
1199 3879 1307 3939 (lictum
1337 3883 1484 3960 temporis

186 3982 350 4062 praesentis
370 3980 482 4040 numeri
499 3979 656 4056 singularis
672 3981 780 4055 dgrirac
800 3980 942 4058 sivnpliris
965 3980 1177 4056 coniugationis
1192 3989 1312 4058 quartae
1334 4001 1483 4061 personae
1494 4008 1521 4052 si

187 4085 312 4162 primae,
341 4081 419 4161 quod
444 4080 638 4141 declinabitur
663 4081 722 4154 sic,
752 4082 848 4142 nutrio
876 4082 970 4141 nutris
999 4081 1090 4142 nutrit
1118 4083 1263 4144 nutrimus
1285 4084 1402 4144 nutritis
1426 4104 1485 4146 nu-

186 4185 291 4255 triunt,
326 4185 428 4243 codem
455 4184 543 4244 rriodo
572 4190 702 4260 tempore
734 4183 891 4260 praeterito
927 4183 1099 4261 imperfecto
1127 4184 1291 4245 nutriebam
1326 4186 1483 4249 nutriebas

185 4286 334 4357 pruriebat
362 4284 561 4345 muniebamus
599 4283 771 4343 nutriebatis
805 4283 990 4358 nutriebant,
1019 4285 1175 4364 praeterito
1204 4287 1334 4364 perlecto
1372 4290 1483 4351 nutrivi

186 4385 330 4447 nutrivisti
351 4386 469 4446 nutrivit
488 4384 662 4449 nutrivimus
681 4385 842 4445 nutrivistis
863 4386 1046 4446 nutriverunt
1068 4387 1110 4447 vel
1135 4387 1296 4459 nutrivere,
1321 4389 1483 4466 praeterito

186 4487 473 4566 plusquamperfecto
496 4486 671 4546 nutriveram
693 4485 855 4547 nutriveras
879 4489 1038 4549 nrdriverat
1058 4489 1272 4550 nutriveramus
1292 4488 1520 4553 nutriveratisto

255 4675 270 4721 2
286 4674 352 4736 quod
367 4673 439 4722 dieite
455 4674 476 4722 G
547 4672 709 4723 birranilesto
722 4672 744 4717 [ι’
814 4673 921 4739 tlsuprn
938 4675 1060 4723 dictorum
1076 4674 1140 4725 CGS
1213 4676 1243 4725 12
1258 4678 1301 4740 qui
1320 4691 1395 4726 casus
1408 4692 1481 4729 ronr-

186 4756 275 4793 munes
297 4752 355 4792 sunt
374 4745 394 4792 S
413 4745 456 4807 qui
475 4752 533 4792 sunt
553 4757 698 4791 communes
719 4743 739 4791 C
758 4754 898 4805 quaesunt
917 4745 1096 4794 communiat?
1167 4747 1201 4796 20
1216 4761 1288 4797 niens
1301 4750 1422 4797 Smensa
1435 4750 1481 4801 OG

254 4815 287 4862 ‘lt
308 4813 333 4860 iu
351 4811 534 4877 superioribus]
554 4826 581 4873 ρ.
597 4812 648 4861 482
719 4811 753 4861 30
770 4814 867 4861 ueroS
883 4813 959 4861 uerbo
974 4812 1016 4863 00

342 4980 366 5009 h
