3352 5490
240 336 303 397 476
791 332 976 397 PlllSClle

288 464 309 502 p.
324 449 458 491 amima.
1330 447 1489 502 petasii.

187 531 220 582 73
326 523 434 581 Asiae
456 540 531 599 qvvae
551 540 619 600 pars
641 520 782 581 orationis
804 519 870 580 esl‘l
903 520 1026 580 Nomen.
1072 520 1186 591 Quale?
1225 520 1390 599 Proprium.
1437 518 1545 580 omnia

237 623 313 683 enim
338 623 453 682 nomina
476 622 691 700 provinciarum
711 629 739 680 et
760 621 874 681 urbium
896 631 925 681 et
944 623 1086 683 montium
1106 632 1135 682 et
1152 624 1305 684 duriorum
1329 628 1356 680 et
1381 621 1544 680 hominum

236 732 266 784 et
285 725 406 783 deorum
426 724 468 782 vei
487 723 607 783 aliarum
630 741 729 783 rerum
750 723 962 783 individuarum
983 725 1100 802 propria
1119 731 1196 784 sunt.
1229 724 1319 784 Curius
1336 733 1381 782 est
1402 720 1544 800 speciei?

237 825 411 885 Primitirae.
455 825 513 883 Fac.
538 824 574 884 ab
600 842 635 883 eo
658 823 856 884 derivativum.
901 809 987 885 dsius
1015 825 1080 885 dsia
1111 825 1219 885 dsinm.
1265 843 1319 885 nec
1341 824 1459 883 mirum.
1507 823 1542 883 in

238 926 338 987 multis
361 919 437 986 enirn
461 925 674 1004 provinciarum
698 926 866 986 nominibus
890 927 1001 986 invenis
1024 927 1127 986 similia
1151 946 1216 987 esso
1237 925 1389 986 derivativa
1409 923 1570 1002 primiti-s

191 1101 197 1114 .
237 1027 281 1087 vis
310 1036 338 1087 ct
367 1026 539 1104 appellativa
569 1027 712 1105 propriis,
741 1035 772 1086 ut
801 1027 889 1087 ltalus
925 1028 1076 1106 proprium
1106 1035 1151 1087 est
1179 1036 1208 1088 et
1238 1027 1355 1103 gentile.
1400 1024 1542 1087 similiter

188 1132 219 1180 ⁷⁴
240 1128 358 1189 Ilanaus
382 1128 503 1198 Latiud's
527 1127 674 1206 Hispanus
698 1127 815 1188 Siculus
837 1136 866 1186 et
888 1128 1021 1188 Sicanos.
1067 1129 1119 1187 uto
1136 1138 1166 1188 et
1187 1129 1265 1189 aliud
1286 1127 1474 1188 derivativum
1499 1126 1540 1187 ab

238 1229 371 1306 eoquod
396 1237 441 1288 est
462 1229 537 1288 Asia.
581 1229 708 1288 Asianus
736 1237 765 1288 et
786 1228 939 1288 Asiaticus.
985 1239 1014 1289 et
1038 1228 1161 1289 invicem
1189 1249 1277 1309 supra
1301 1230 1377 1289 dicta
1401 1229 1456 1288 tria
1480 1247 1539 1307 pro

239 1351 305 1392 sese
333 1329 457 1409 proferri
486 1338 620 1408 possunt.
667 1330 783 1408 proprie
814 1337 910 1390 autem
940 1330 1026 1391 Asius
1061 1331 1261 1410 possessivum
1292 1339 1351 1401 est,
1379 1325 1537 1411 Asianus!

238 1431 362 1508 gentile,
387 1431 530 1491 ¹lsiaticus
549 1430 695 1497 victoriae.
741 1431 831 1492 Cuius
853 1431 1056 1492 declinationis
1076 1441 1120 1492 est
1136 1431 1223 1492 Asia?
1246 1431 1367 1492 Primae.
1414 1430 1575 1500 Ouare‘?¹⁰

239 1533 314 1603 uota
343 1534 439 1592 omnia
463 1534 491 1592 in
521 1553 536 1591 a
565 1531 726 1592 desinentia
755 1532 916 1592 masculina
939 1533 984 1592 vel
1010 1533 1148 1593 feminina
1171 1533 1215 1592 vel
1237 1532 1400 1592 communia
1421 1532 1539 1610 primae

189 1643 222 1693 75
241 1643 310 1695 sunt
331 1631 543 1693 declinationis
585 1634 662 1705 Cur,
687 1651 753 1693 cum
776 1633 937 1693 litterarum
961 1632 1041 1693 mdla
1058 1634 1180 1694 mutatio
1200 1631 1294 1716 lallcta
1317 1635 1370 1704 sit,
1394 1640 1539 1694 accentus

239 1732 389 1794 mutatur?
430 1735 502 1802 Quia
525 1754 540 1793 a
565 1734 659 1793 dualis
678 1734 754 1812 apud
780 1734 907 1794 Graecos
930 1733 1115 1813 producitur,
1145 1734 1220 1813 apud
1244 1753 1298 1793 uos
1322 1741 1455 1812 correpta
1478 1743 1537 1806 est,

241 1844 381 1895 accentus
411 1853 526 1911 quoque
553 1835 630 1913 apud
660 1854 715 1894 nos
743 1836 864 1896 mutatio
888 1824 1039 1895 lacta'est.
1085 1835 1141 1894 hoc
1162 1844 1259 1894 taiiren
1282 1836 1357 1895 scire
1380 1835 1537 1905 delremus,

240 1927 335 2014 quod,
359 1936 419 1995 sive
442 1935 583 2014 temporis
605 1935 665 1995 sire
687 1936 849 1997 litteramm
876 1939 925 1997 liat
947 1937 976 1996 in
999 1937 1176 1996 nominativo
1199 1937 1404 2008 commutatio,
1428 1920 1574 1997 meliusts

241 2037 373 2107 tacimus,
391 2037 414 2097 si
431 2047 583 2097 accentum
602 2037 637 2096 ad
652 2037 836 2098 Latinitatem
855 2038 1044 2117 proterimus,
1068 2037 1197 2115 exceptis
1214 2038 1434 2115 patronymicis,
1459 2056 1538 2114 quiae

241 2157 294 2217 per
322 2157 425 2199 omnes
451 2157 537 2198 casus
563 2140 655 2216 magis
678 2139 855 2199 Graecorum
878 2139 932 2198 silvi
956 2140 1116 2199 detendunt
1138 2148 1306 2208 accentum,
1327 2140 1393 2215 vpda
1417 2146 1538 2198 servant

242 2239 385 2300 Graecum
407 2239 632 2312 nominativum,
654 2250 682 2300 ul
706 2239 867 2301 Priamides
891 2240 1061 2300 Priamidae.
1106 2239 1174 2299 licet
1191 2249 1287 2299 tamen
1312 2241 1398 2299 etiam
1421 2238 1450 2298 in
1475 2240 1536 2300 illis

241 2349 393 2400 accentum
413 2359 529 2401 servare
551 2341 704 2413 Latinum,
727 2361 883 2418 quaecum
906 2341 964 2400 sint
980 2341 1106 2413 Graeca,
1129 2360 1188 2401 non
1211 2349 1306 2400 tannen
1323 2339 1414 2400 aliena
1433 2341 1535 2400 videu-

240 2450 289 2501 tur
319 2443 451 2502 formulis
484 2443 720 2502 terminationem
750 2443 933 2514 Latinarum,
963 2431 995 2501 ut
1023 2445 1131 2504 Creusa
1163 2443 1315 2502 Arethusa.
1361 2459 1435 2518 (puae
1464 2457 1572 2502 cuniae

242 2543 345 2602 Latine
369 2545 574 2622 proteruntur,
596 2544 664 2604 licot
687 2562 719 2603 ea
736 2544 765 2603 in
789 2544 965 2604 nominativo
986 2545 1071 2604 etiam
1095 2544 1285 2605 circumducti
1306 2544 1334 2602 in
1356 2542 1534 2622 paenultima

241 2643 358 2723 syllaba.
404 2664 462 2704 non
491 2653 537 2705 cst
563 2655 660 2705 tamen
689 2645 866 2716 alrsnrdum,
897 2645 920 2704 si
947 2648 1089 2705 Graecum
1118 2653 1271 2705 accentum
1296 2644 1476 2705 servabimus
1504 2645 1534 2706 iu

241 2746 418 2806 nominativo
439 2747 597 2807 dundaxat.

191 2864 226 2915 76
329 2864 461 2924 Priami
485 2883 560 2940 quae
583 2883 650 2943 pars
673 2863 813 2925 orationis
835 2864 1050 2932 est'l.Novnen.
1097 2864 1208 2935 erale?
1238 2865 1399 2944 Proprium.
1441 2865 1533 2926 Cuius

241 2971 286 3022 est
306 2963 441 3043 speciei?
473 2965 651 3025 llerivativae
672 2957 732 3024 ἆπὸ
749 2967 803 3025 τοῦ
824 2968 980 3044 πρίασθαι.
1024 2968 1082 3026 Pac
1105 2966 1194 3026 abeo
1218 2967 1415 3026 derivativum.
1461 2967 1569 3028 Pus-rs

240 3066 384 3125 sessirum
400 3066 559 3126 Priameius
585 3067 724 3128 Priameia
748 3068 938 3140 Priameium,
964 3069 1194 3147 patronymicum
1216 3067 1376 3128 Priamides
1399 3069 1532 3128 Priamis.

240 3167 330 3227 Cuius
354 3176 398 3227 est
418 3166 555 3244 generis?
591 3168 758 3243 lllasrulini,
787 3170 899 3229 ntrrneri
927 3169 1097 3247 singularis,
1127 3171 1236 3246 figurae
1266 3170 1421 3248 simplicis,
1445 3190 1533 3231 casus

239 3269 380 3344 genetivi,
404 3269 606 3329 declinationis
623 3272 778 3330 secundae.
813 3269 935 3342 Quare?
966 3272 1038 3341 Quia
1061 3271 1158 3332 omnia
1182 3272 1298 3331 nomina
1322 3272 1533 3349 utriuscumque

239 3371 355 3447 generis
384 3371 459 3449 apud
485 3370 612 3431 Graecos
638 3372 667 3430 in
693 3393 724 3442 ος
750 3373 912 3432 desinentia
936 3373 1113 3433 nominativo
1137 3373 1212 3452 apud
1236 3392 1291 3433 nos
1312 3381 1425 3432 mutant
1447 3393 1479 3443 ος
1501 3374 1532 3433 in

156 3471 169 3480 '
240 3490 274 3531 us
312 3479 341 3530 et
370 3471 516 3531 secundae
545 3482 612 3532 sunt
640 3473 858 3544 declinationis,
888 3482 920 3534 ut
947 3474 1082 3551 Πρίαμος
1113 3474 1244 3534 Priamus
1278 3475 1399 3546 Priami,
1434 3476 1568 3546 Κῦροςιι

239 3574 331 3650 Cyrus
348 3573 430 3650 Cyri,
447 3567 568 3648 Κύπρος
584 3575 696 3652 Cyprus
713 3576 813 3655 Cypri,
835 3573 937 3647 Πύλος
954 3575 1038 3653 Pylos
1055 3576 1129 3654 Pp'li,
1145 3577 1269 3653 πέλαγος
1287 3576 1407 3654 pelagus
1425 3577 1530 3654 pelagi.

238 3691 305 3733 nam
337 3691 431 3749 geniis
462 3692 570 3750 genero
592 3676 684 3753 magis
710 3677 844 3737 Latinum
868 3687 922 3748 est,
946 3678 1092 3754 quomodo
1116 3696 1223 3737 miurus
1247 3697 1378 3737 munero.
1423 3679 1531 3756 quilrus

238 3774 314 3834 euim
336 3775 538 3837 huiuscemodi
560 3777 692 3839 adiacent
713 3778 815 3852 verba,
839 3779 901 3838 sinc
918 3779 1007 3839 dubio
1029 3780 1129 3839 Latina
1147 3787 1223 3839 sunt.

188 3912 220 3963 77
325 3896 400 3965 Quo
422 3913 496 3971 «piac
519 3915 587 3973 pars
610 3897 749 3957 orationis
772 3896 837 3957 est?
860 3897 1042 3957 Coniunctis.
1090 3898 1179 3971 Cuius
1203 3897 1355 3976 potestatis
1376 3895 1441 3957 cst?
1475 3899 1532 3958 Co-

237 3996 397 4076 pulatirae,
427 3996 537 4057 ordinis
559 3999 758 4077 postpositivi.
787 4000 896 4076 figurae
923 3999 1073 4079 simplicis.
1118 3999 1176 4060 Fac
1204 4000 1240 4059 ab
1264 4018 1298 4058 eo
1322 4000 1565 4078 corrvposituvn.as

305 4234 321 4285 3
344 4235 382 4283 vel
402 4236 508 4283 aliarum
534 4251 618 4284 rcrvim
642 4235 830 4285 individuarum
851 4254 897 4287 οιιι.
915 4235 934 4283 S
1004 4238 1179 4301 ‹tprtmiriuae
1199 4237 1241 4286 CG
1261 4237 1361 4300 proprie
1379 4271 1385 4281 .
1406 4245 1444 4284 cst
1464 4237 1531 4285 enim

235 4306 371 4368 aproprio
393 4304 490 4352 esioS
558 4308 645 4371 apro
665 4304 757 4356 seseS
780 4321 825 4370 pru
845 4307 1031 4370 possessinnC
1055 4323 1099 4370 pro
1123 4306 1321 4372 possessinisG
1392 4305 1409 4353 ll
1428 4307 1531 4370 proprie

236 4383 319 4421 auum
341 4375 410 4421 asina
431 4383 454 4421 vt
475 4375 595 4423 asiaticus
614 4376 760 4440 posscssiua
778 4387 836 4423 snut
857 4377 1020 4424 inueniuntur
1039 4386 1122 4424 antem
1142 4375 1204 4425 lvacc
1224 4377 1312 4423 evivit-m
1333 4375 1406 4422 etiam
1427 4377 1531 4439 propria

234 4450 260 4490 ut
280 4444 360 4507 scipio
380 4443 499 4491 asiaticus
523 4441 671 4506 possessiua
693 4455 752 4494 suut
771 4445 874 4493 asianus
897 4447 1027 4507 (assianus
1047 4446 1068 4495 G
1098 4446 1192 4510 gentile
1212 4446 1331 4494 asiaticus
1348 4444 1468 4492 vrictoriae
1488 4446 1531 4494 CG

323 4513 354 4560 lu
372 4513 486 4574 exceptis
508 4515 688 4576 patrouomicis
708 4527 773 4576 qrvae
791 4513 812 4561 S
830 4516 1001 4579 patrouomira
1020 4516 1061 4566 OG
1154 4515 1182 4561 Π
1204 4516 1262 4576 qnia
1283 4524 1387 4563 seruant
1407 4513 1530 4561 Graecum

233 4582 520 4630 nomirrntivvrvmoor.S
589 4584 623 4629 ‘ru
641 4583 774 4632 latinorum
795 4583 838 4632 GS
909 4584 1048 4633 utCrensa
1068 4584 1257 4633 dretlrusuom.
1280 4584 1321 4632 CG
1392 4585 1420 4630 21
1445 4582 1531 4646 prose·
1600 4587 1606 4597 “

232 4662 322 4700 rantur
342 4650 362 4698 S
379 4647 541 4714 proferantur
558 4651 580 4700 G
598 4651 741 4716 proseratur
759 4652 779 4700 C
826 4655 849 4700 iu
871 4654 1009 4717 penultima
1022 4681 1053 4689 —-
1066 4657 1100 4702 22
1116 4654 1254 4702 absurdum
1272 4669 1318 4702 om.
1332 4651 1353 4698 S
1404 4654 1437 4700 22
1456 4649 1489 4715 si]
1507 4662 1531 4701 et

232 4721 254 4768 si
274 4719 295 4768 G
314 4728 338 4767 et
357 4720 393 4768 sic
411 4719 432 4768 C
450 4720 477 4768 si
494 4735 571 4835 ppper
586 4723 682 4782 scripto
705 4730 729 4769 et
745 4722 765 4769 S
835 4731 859 4769 et
878 4725 1075 4774 seruabimusO
1143 4722 1177 4772 3⁶2
1196 4738 1279 4787 genus
1299 4739 1314 4770 a
1330 4721 1462 4785 gevreroS

232 4803 324 4836 munus
343 4803 357 4835 a
377 4802 481 4837 munero
