3352 5490
215 355 427 417 la'svlrv'rto
451 358 500 418 ult
523 357 669 418 NOlllNE
693 357 984 419 astronomus
1008 358 1057 418 ET
1080 359 1216 421 venun
1238 370 1350 426 25—35
1394 363 1456 426 tae

210 483 230 521 p.
244 470 298 511 rans.
312 473 327 511 s
340 472 362 512 r.
1248 489 1268 529 ρ.
1279 478 1325 518 roe.
1340 477 1365 519 ro
1375 479 1402 520 v.

245 541 282 601 Et
307 545 380 603 liaeo
407 544 523 620 quidem
551 545 716 622 compendii
740 562 828 604 causa
853 544 889 603 ad
916 544 1113 608 instituendos
1136 566 1244 627 pueros
1273 549 1398 609 sufficiat
1423 550 1453 611 iu

159 643 307 721 praesenti
329 643 446 705 dixisse.
481 646 725 725 perspicaciorem
750 656 847 706 antem
871 646 1039 724 regularum
1060 649 1203 709 rationem
1226 657 1284 708 tarn
1308 651 1454 728 paenulu'·

159 762 381 823 menumquam
411 745 577 806 ultimarum
604 747 795 824 syllabarum,
819 766 893 824 quae
917 747 953 806 ad
980 749 1109 809 omnium
1133 752 1281 829 pertinent
1302 750 1452 812 nominum

158 843 396 919 declinationem,
430 848 458 906 iu
490 856 602 926 septem
632 847 728 919 lilnis,
758 867 833 924 quos
861 849 897 909 de
926 850 1044 911 nomine
1074 851 1246 929 scripsimus
1274 850 1452 928 diligentius,

132 943 287 1006 ainveuire
309 946 394 1021 licet,
425 956 454 1007 et
475 949 600 1008 maxime
622 949 652 1008 in
676 957 758 1008 sexto
781 958 810 1008 et
831 950 974 1028 septimo,
996 952 1043 1027 qui
1070 952 1105 1010 de
1127 952 1304 1012 nominativo
1328 961 1357 1013 ct
1379 952 1453 1014 obli·

158 1047 223 1125 quis
243 1048 361 1109 casibus
384 1049 538 1128 compositi
559 1051 716 1109 multorum
739 1050 912 1109 testimoniis
935 1049 1068 1112 nituntur
1085 1063 1247 1113 anctorum.

242 1148 435 1221 Pronomina,
458 1150 495 1210 de
517 1149 623 1228 quibus
650 1150 729 1211 nialla
753 1144 977 1225 dubitatio'est,
1000 1163 1069 1213 sunt
1088 1155 1164 1234 apud
1185 1155 1305 1215 Latinos
1328 1151 1534 1233 ‹poinde-11³¹

157 1249 224 1308 cim.
254 1250 397 1328 primitiva
418 1251 536 1330 quidem
561 1261 627 1313 octo
648 1253 722 1312 hacc
740 1260 825 1325 sunt,
845 1253 956 1332 primae
978 1273 1122 1333 personae
1144 1273 1252 1326 uuum,
1275 1265 1307 1316 nt
1328 1276 1399 1334 ego,
1422 1267 1451 1319 et

156 1350 304 1411 secundae
326 1371 434 1428 unum,
462 1362 495 1414 nt
516 1362 563 1428 tu,
593 1355 695 1415 tertiae
722 1373 790 1414 vero
814 1373 880 1429 sex,
904 1354 950 1414 sui
973 1354 1021 1415 ille
1042 1355 1107 1435 ipse
1129 1356 1176 1418 liic
1198 1357 1252 1416 iste
1275 1359 1315 1432 is;
1340 1359 1452 1420 deriva-

47 1501 53 1514 .
123 1453 212 1512 tvtiva
232 1461 362 1532 septem,
385 1473 469 1515 meus
489 1462 557 1515 tuus
585 1474 657 1516 suns
679 1464 780 1516 noster
807 1465 903 1516 vester
930 1465 1047 1517 nostras
1070 1466 1190 1518 vestras.
1232 1458 1341 1520 liabent
1363 1461 1452 1539 igitur

156 1554 298 1631 primitiva
322 1555 395 1616 duas
419 1555 639 1631 declinationes,
655 1558 810 1617 ‹lerivativa
834 1577 902 1617 vero
925 1565 994 1618 tres.
1027 1565 1057 1616 et
1080 1576 1136 1618 una
1153 1558 1270 1636 qtvidem
1291 1562 1452 1640 primitivo-

154 1674 218 1715 rum
242 1667 285 1717 est
308 1657 482 1731 declinatio,
505 1675 580 1736 quae
597 1667 655 1718 tarn
677 1660 842 1736 genetivum
862 1677 948 1735 qnam
966 1659 1093 1719 dativum
1113 1661 1142 1719 in
1161 1660 1169 1719 i
1191 1661 1342 1735 terminat,
1364 1682 1452 1723 accu-

155 1757 277 1818 sativum
308 1767 337 1818 et
360 1759 515 1820 ablativum
546 1760 576 1820 in
605 1779 621 1818 e
649 1760 838 1839 productam,
868 1770 900 1820 nt
921 1779 975 1838 ego
997 1769 1043 1833 tu,
1071 1762 1197 1821 meitui
1225 1763 1451 1833 sui,iniliitil1i

154 1859 227 1932 sibi,
252 1878 298 1919 me
322 1869 351 1920 te
373 1880 423 1933 se,
448 1880 572 1921 amca
596 1871 623 1921 te
645 1880 660 1919 a
684 1879 725 1920 se.
770 1860 933 1921 vocativum
961 1859 1038 1920 enim
1066 1862 1196 1922 secunda
1227 1873 1338 1923 tantum
1362 1864 1450 1925 habet
1466 1871 1501 1924 32

121 1981 144 2020 n
155 1979 298 2040 persona,
319 1962 368 2038 qui
386 1962 490 2023 similis
510 1973 556 2025 est
578 1962 770 2033 nominativo,
794 1971 825 2020 ut
843 1971 913 2022 otu.
939 1961 1060 2041 pluralia
1080 1982 1145 2022 vero
1163 1963 1275 2042 primae
1298 1974 1328 2024 et
1346 1984 1453 2026 secun·
1498 2018 1503 2027 ,

153 2062 207 2122 dae
236 2082 380 2142 personae
408 2064 542 2124 similiter
569 2063 753 2125 declinantur
774 2068 853 2138 (itam
880 2063 982 2123 tertiae
1010 2083 1155 2142 personae
1177 2083 1339 2143 pronomen
1361 2087 1450 2146 supra

153 2165 300 2242 positum,
324 2165 352 2224 id
373 2173 419 2224 est
438 2166 498 2238 sui,
522 2164 599 2243 qnod
622 2165 831 2225 nominativum
852 2183 909 2224 noo
932 2164 1037 2237 habet,
1061 2184 1215 2226 commuue
1235 2176 1282 2228 est
1298 2167 1450 2246 utriusque

153 2267 298 2341 inumeri),
322 2287 377 2328 nos
401 2286 467 2338 voS,
490 2274 622 2327 nostrum
646 2266 690 2326 vel
711 2265 820 2339 nostri,
842 2273 970 2325 vostrum
991 2263 1035 2324 vcl
1057 2269 1161 2341 vestri,
1184 2267 1269 2327 nobis
1291 2266 1382 2327 vobis.
1419 2268 1449 2329 in

153 2366 256 2445 plurali
279 2377 377 2429 autern
396 2387 519 2429 numero
535 2368 664 2428 secunda
686 2376 798 2427 tantum
820 2385 944 2445 persona
968 2365 1057 2426 ltaliet
1076 2367 1255 2441 vocativum,
1277 2369 1327 2446 qui
1345 2369 1450 2430 similis

118 2478 198 2528 roest
221 2470 399 2530 nominativo
422 2479 451 2530 et
472 2470 655 2541 accusativo,
679 2477 711 2529 ut
731 2488 748 2528 o
772 2488 832 2527 vos.
878 2467 943 2528 idco
966 2477 1063 2527 autem
1086 2469 1132 2529 sui
1156 2469 1364 2530 nominativum
1387 2490 1447 2532 non

151 2570 255 2642 habet,
285 2571 352 2649 qnia
380 2590 435 2632 neo
461 2571 538 2651 apud
568 2572 695 2630 Graecos
723 2559 816 2627 αὑτοῦ
842 2568 886 2628 vel
910 2565 1033 2641 ἑαυτοῦ,
1063 2568 1150 2629 huius
1173 2569 1228 2630 sui.
1274 2572 1330 2632 hoc
1351 2583 1448 2634 autem

150 2672 179 2730 in
202 2670 276 2732 liliro
298 2673 346 2750 qni
370 2681 416 2733 est
437 2669 450 2755 ΙΙ
471 2673 620 2733 secundus
648 2672 684 2731 de
711 2670 885 2750 pronomine
914 2670 1001 2730 latins
1024 2670 1220 2730 tractavimus.
1265 2672 1354 2733 altera
1378 2682 1445 2735 vero
1463 2681 1497 2734 33

150 2754 306 2833 declinatio
330 2774 359 2833 in
388 2774 508 2852 reliquis
532 2774 660 2852 utrinque
683 2771 852 2853 primitivis,
882 2789 1006 2848 qnorum
1029 2773 1182 2848 genetivus
1205 2773 1233 2833 in
1257 2773 1302 2834 ius
1322 2777 1326 2850 l
1347 2783 1376 2834 et
1396 2774 1448 2835 da·

151 2875 225 2935 tivus
246 2876 275 2935 iu
294 2875 302 2935 i
326 2876 434 2936 desiuit
456 2896 510 2955 per
530 2877 584 2937 tria
607 2893 733 2952 generem
754 2873 939 2935 accusativus
960 2881 1058 2933 antem
1082 2884 1111 2934 et
1129 2871 1271 2935 ablativus
1289 2874 1447 2951 singularis
1524 2856 1528 2865 ⁵

116 2984 180 3035 net
203 2995 307 3037 omnes
331 2996 418 3038 casus
440 2977 569 3057 plurales
591 2978 620 3037 in
647 2975 809 3036 masculino
832 2975 950 3054 quidem
974 2983 1005 3034 et
1026 2985 1131 3036 neutro
1151 2974 1298 3036 secundae
1320 2975 1448 3037 declina·

149 3077 237 3137 tionis
269 3079 421 3139 nominum
451 3079 671 3140 terminationes
701 3086 834 3150 servant,
862 3077 891 3137 in
921 3076 1063 3136 feminino
1090 3095 1158 3137 vero
1187 3077 1314 3155 primae,
1345 3077 1447 3138 utillo

149 3177 226 3239 illius
254 3180 310 3253 illi,
341 3179 386 3240 illa
416 3181 493 3242 illius
521 3180 578 3252 illi,
613 3179 684 3240 illud
718 3178 795 3239 illius
831 3178 887 3250 illi,
917 3176 998 3238 illum
1028 3176 1107 3238 illam
1138 3177 1210 3237 illud
1237 3179 1373 3254 (necesse
1402 3187 1448 3240 est

149 3280 226 3340 euim
253 3290 355 3341 neutra
386 3282 594 3342 nominativum
618 3291 647 3341 et
669 3280 868 3370 accusativum
897 3278 1022 3340 similem
1052 3278 1187 3354 habere),
1210 3278 1246 3339 ab
1267 3278 1318 3338 illo
1339 3277 1376 3338 ab
1397 3279 1446 3340 illa

148 3381 184 3441 ab
207 3382 266 3443 illo.
300 3384 461 3443 notandum
482 3391 657 3455 esttamen,
679 3382 756 3460 quod
780 3380 828 3441 liic
850 3381 969 3441 ethaeo
991 3388 1021 3440 et
1039 3380 1096 3440 lroe
1118 3380 1205 3440 luvius
1227 3380 1295 3440 huic
1318 3379 1445 3443 dativum

113 3497 266 3562 aoscmper
286 3484 315 3543 in
342 3503 358 3544 c
388 3485 545 3544 terminant
571 3484 752 3544 dillerentiae
775 3503 863 3544 causa
897 3489 1018 3561 propter
1045 3481 1095 3542 lrui
1122 3481 1363 3542 interiectionem.
1408 3501 1443 3543 ex
1460 3496 1494 3550 aa

148 3594 260 3665 septem
284 3595 381 3646 autem
400 3585 567 3647 derivativis
589 3586 718 3663 quinque
741 3585 858 3662 quidem
878 3582 1042 3644 secundum
1066 3582 1215 3643 molrilium
1238 3583 1369 3661 regulam
1391 3602 1445 3645 no·

147 3687 256 3747 minum
285 3687 485 3759 declinantur,
508 3687 536 3746 id
560 3697 604 3748 est
626 3686 819 3747 mascnlinum
843 3694 873 3744 et
902 3691 1039 3744 neutrum
1064 3684 1210 3744 secundae
1239 3685 1443 3746 declinationis

147 3797 229 3857 sunt,
254 3788 424 3849 femininum
442 3808 510 3848 vero
527 3789 653 3868 primae,
676 3798 709 3849 nt
726 3798 795 3848 suut
816 3788 904 3858 llaec,
924 3804 1007 3846 mens
1028 3793 1097 3845 tuus
1115 3805 1187 3846 suns
1210 3795 1312 3846 noster
1334 3795 1440 3847 vester.

146 3889 256 3967 reliqua
285 3910 352 3951 vcro
383 3890 441 3950 duo
470 3892 636 3951 communia
665 3902 733 3952 sunt
766 3898 795 3949 et
823 3888 925 3948 tertiae
948 3894 1017 3948 sunt
1044 3886 1264 3959 declinationis,
1290 3896 1323 3947 ut
1343 3887 1392 3947 hic
1413 3896 1445 3947 et

111 3992 219 4052 nanee
243 4001 360 4053 nostras
384 4000 509 4065 vestras,
538 3993 626 4055 liuius
651 3992 792 4053 nostratis
815 3989 959 4051 vestratis.
1004 3986 1191 4047 inveniuntur
1212 3995 1310 4048 tamen
1333 4006 1439 4049 novem
1456 3995 1491 4046 ³5

104 4076 106 4080 Α
145 4093 268 4153 nomina·
291 4093 423 4165 mobilia,
454 4112 528 4170 quae
550 4095 616 4170 qnia
630 4092 866 4176 declinationem
894 4087 1103 4171 pronominum
1125 4085 1249 4160 haberit,
1275 4088 1352 4148 inter
1373 4107 1442 4167 pro·

145 4195 262 4263 nomina
285 4196 402 4274 quidam
424 4203 601 4275 posuerunt,
630 4204 661 4253 nt
685 4196 749 4272 quis
773 4191 948 4272 quaequod
971 4189 1055 4251 cuins
1080 4187 1146 4259 cni,
1175 4206 1250 4247 nnus
1273 4206 1329 4248 una
1350 4207 1441 4249 unum

144 4297 232 4357 unius
254 4298 322 4369 nni,
349 4297 425 4356 ullus
459 4296 516 4356 nlla
545 4295 635 4355 ullum
658 4294 745 4355 villius
769 4295 835 4365 ulli,
860 4293 958 4353 nullus
986 4290 1065 4352 nulla
1089 4288 1201 4349 nullum
1227 4287 1335 4348 nullius
1358 4289 1441 4363 nulli,

145 4398 226 4457 solus
254 4399 315 4458 sola
347 4397 441 4457 solum
471 4398 563 4458 solius
589 4395 657 4467 soli,
682 4405 760 4456 totus
783 4403 844 4454 tota
864 4402 957 4454 totum
981 4392 1071 4454 totius
1094 4391 1163 4463 tuti,
1186 4389 1261 4450 alius
1284 4389 1339 4450 alia
1363 4391 1441 4451 alind

216 4551 227 4599 l
248 4549 413 4599 sufficiuntG
466 4548 494 4598 ll
515 4548 656 4599 deriuatina
676 4549 740 4597 dvrns
759 4554 851 4604 §.tres
867 4551 968 4608 positae
981 4560 1036 4595 erse
1054 4544 1170 4593 uidentur
1183 4541 1364 4593 declinationes
1379 4557 1440 4604 pro-

141 4627 200 4679 pter
216 4620 273 4682 quis
290 4622 329 4668 vet
343 4620 386 4682 qni
397 4631 542 4680 pronomen,
562 4622 672 4682 peremnia
691 4626 809 4682 quattuor
826 4621 922 4666 orraiaino
939 4619 965 4665 in
981 4612 1168 4678 pronominibus
1187 4626 1244 4660 esse
1261 4613 1347 4662 nodos
1364 4612 1442 4662 decli-

143 4692 266 4738 nationum
284 4691 381 4738 dixerit
400 4688 549 4737 Priscianus
565 4704 591 4751 p.
611 4689 671 4738 355.
695 4688 761 4738 lton
781 4703 787 4735 :
808 4685 843 4747 cs.
865 4701 891 4748 p.
916 4683 981 4736 lauit
1051 4684 1084 4731 '2¹2
1104 4682 1129 4730 in
1148 4682 1213 4731 libro
1231 4683 1274 4745 qni
1293 4692 1332 4732 est
1350 4696 1442 4731 uenu-

142 4755 202 4822 dus]
220 4757 365 4821 plintho.
437 4757 471 4808 30
489 4772 521 4807 ex
537 4766 671 4823 septeme
696 4761 714 4805 Α
736 4755 872 4823 septemb*
940 4754 974 4806 33
990 4762 1015 4803 et
1030 4760 1090 4801 sunt
1108 4749 1207 4806 laneos
1277 4750 1310 4802 37
1324 4751 1382 4814 qni·
1399 4751 1441 4800 uel

142 4827 184 4889 qui
199 4841 264 4890 qnae
283 4826 350 4890 qnod
369 4826 410 4875 nel
429 4826 526 4890 quide

195 4928 401 4972 osannaricv
424 4929 535 4970 surani
557 4928 606 4970 111.
1197 4901 1237 4968 29
