3352 5490
202 342 415 404 tusttrt’rto
438 343 487 403 DE
510 344 656 404 uottts't:
680 345 729 405 ET
748 344 969 407 Puuuotttvs
994 347 1043 406 ET
1062 346 1197 408 t'uuuo.
1221 357 1332 414 st—ot
1377 350 1439 409 155

197 470 219 509 p.
231 458 286 497 1316.
303 458 326 497 17
340 458 362 499 P.
1236 477 1257 514 p.
1268 464 1312 504 tm.
1328 465 1352 504 ’17
1361 465 1387 506 Κ.

145 529 281 589 omnibus
310 529 563 607 coniugationibus
590 531 763 609 producitur
790 541 910 611 excepta
939 532 1032 594 tertia.
1078 533 1198 612 pluralis
1223 538 1314 614 prima
1338 545 1367 596 et
1390 555 1435 596 se·
1454 538 1488 590 64

144 631 239 691 cunda
263 649 389 710 persona
417 651 433 690 a
463 633 590 692 secunda
622 651 747 710 persona
771 632 854 692 activi
882 633 993 693 abiecta
1021 655 1034 694 s
1058 643 1087 694 et
1108 635 1204 694 addita
1230 656 1295 696 tatur
1317 646 1344 697 et
1366 637 1436 698 mini

144 734 232 803 liunt,
262 740 293 791 ut
320 751 401 793 amas
430 752 563 794 amamur
584 733 736 806 amamini,
765 735 854 794 doces
873 735 1014 795 docevuuv
1037 736 1198 808 docemini,
1219 738 1292 815 logis
1314 738 1438 816 legimur

143 833 287 911 legimini,
315 833 399 894 audis
426 833 561 896 audimur
587 834 741 908 audivnioi3
778 843 806 895 et
841 836 869 895 in
900 837 978 896 ontui
1017 838 1221 912 coniugatione
1258 840 1436 917 paenultima

122 936 255 1016 sprirnae
284 954 442 1014 personae,
467 935 713 1015 autepaennltima
738 955 805 996 vero
826 936 975 998 secundae
997 939 1169 1017 producitur
1193 941 1301 1019 syllaba
1324 941 1435 1019 absque

143 1037 236 1119 teritia
268 1037 484 1114 coniugatione.
530 1036 612 1098 tertia
638 1057 706 1098 vero
728 1057 854 1117 persona
878 1038 998 1117 pluralis
1021 1039 1057 1099 ab
1080 1041 1170 1100 activa
1196 1060 1247 1102 sua
1271 1043 1303 1101 tn
1322 1043 1434 1103 adiecta
1495 1078 1501 1088 ·

144 1160 192 1212 ur,
216 1149 248 1199 ut
268 1147 366 1199 autaut
388 1147 538 1211 amantur,
558 1140 666 1199 (locent
687 1139 846 1213 docentur,
870 1140 971 1218 legunt
993 1141 1145 1219 leguntur,
1169 1143 1289 1203 andiunt
1311 1144 1434 1203 audiun·

144 1250 199 1301 tur.
243 1259 319 1317 qnae
340 1259 409 1299 vero
433 1240 462 1299 in
485 1258 513 1298 tu
540 1239 679 1300 desinunt
700 1242 792 1301 activa
820 1239 947 1324 prilhnae
965 1262 1108 1322 personae
1133 1262 1186 1322 per
1207 1263 1310 1305 omnes
1332 1246 1433 1306 coniu-
1450 1254 1484 1310 ⁰5

143 1343 274 1420 gatiooes
290 1350 319 1401 et
340 1341 443 1402 modos
466 1341 495 1401 in
519 1342 665 1421 praesenti
694 1349 720 1400 et
742 1342 771 1401 in
794 1344 950 1422 praeterito
971 1344 1143 1423 imperfecto
1165 1345 1208 1405 vel
1231 1346 1260 1406 in
1284 1348 1382 1407 laturo
1406 1367 1434 1408 m

111 1445 173 1504 voin
194 1463 209 1503 r
232 1443 428 1503 convertentia
461 1443 570 1503 laciunt
598 1444 745 1522 passivum
780 1450 859 1519 (nant
890 1445 1079 1524 praeteritum
1107 1448 1267 1524 perlectum
1297 1459 1326 1506 et
1353 1447 1434 1527 plus-

143 1546 394 1624 quamperlectum
415 1563 468 1623 per
496 1544 646 1625 participia
669 1544 853 1606 dec-linantur
875 1547 905 1607 in
928 1547 1074 1626 passivis),
1095 1558 1127 1607 ut
1148 1547 1281 1608 amabam
1304 1548 1433 1622 amabar,

142 1666 269 1707 aurarem
296 1665 425 1719 amarer,
457 1645 598 1706 docebam
628 1646 769 1720 docebar,
801 1647 939 1708 docerem
973 1648 1110 1721 (lacerer,
1145 1648 1275 1726 legebam
1304 1650 1433 1728 legebar,

141 1748 267 1826 legerem
285 1748 412 1824 legerer,
434 1733 587 1809 audiebam
604 1748 756 1820 audiebas,
779 1749 909 1809 audirem
931 1749 1063 1820 audirer,
1087 1769 1181 1810 atatem
1198 1769 1293 1824 amer,
1311 1752 1432 1813 cloacam

141 1850 264 1926 docear,
298 1850 391 1927 legam
420 1848 515 1927 legar,
548 1851 663 1910 audiam
697 1850 807 1911 audiar.
853 1860 966 1911 ceteras
994 1870 1062 1910 vero
1094 1870 1236 1930 personas
1269 1854 1484 1922 secundumsa

110 1978 133 2016 n
142 1952 307 2030 praedictas
331 1952 447 2030 regulas
473 1951 663 2012 declinamus.
708 1970 795 2012 omne
819 1953 1006 2030 praeteritum
1028 1954 1188 2030 perlectum
1213 1962 1242 2013 et
1263 1929 1434 2033 plusquam·

142 2054 302 2132 perfectum
327 2053 508 2132 passivorum
532 2053 575 2112 vel
598 2053 735 2113 similium
758 2055 882 2133 passivis
905 2073 958 2132 por
979 2055 1164 2132 participium
1188 2055 1337 2133 praeteriti
1359 2065 1434 2115 tem·

143 2156 222 2235 poris
252 2163 279 2214 ot
310 2174 362 2234 per
383 2173 449 2215 sum
482 2136 600 2215 verbum
629 2154 821 2215 vleclinantur.
867 2155 981 2234 passiva
1004 2155 1172 2234 imperativa
1197 2156 1344 2216 secundae
1366 2176 1433 2235 per·

141 2276 231 2320 sonae
252 2258 281 2317 in
299 2256 378 2326 omiti
401 2256 606 2333 coniugatione
629 2255 732 2316 similia
756 2264 825 2316 sunt
847 2255 994 2317 infinitivis
1012 2257 1129 2329 activis,
1157 2265 1188 2316 ut
1209 2276 1307 2317 aurare
1325 2258 1432 2318 docere

142 2359 238 2436 legere
264 2359 373 2419 audire.
419 2357 502 2417 tertia
531 2338 599 2417 iero
627 2377 643 2417 a
668 2359 751 2418 tertia
774 2376 826 2417 sna
850 2358 929 2418 verbi
953 2358 1037 2419 activi
1060 2359 1091 2418 bt
1112 2357 1208 2417 addita
1227 2378 1277 2431 ur,
1301 2368 1332 2420 ut
1355 2368 1431 2420 amet
1447 2364 1481 2415 67

106 2469 272 2533 mauretus,
301 2461 405 2519 (laceat
427 2459 582 2529 doceatur,
605 2459 681 2535 legat
701 2459 828 2533 legatur,
851 2460 950 2520 audiat
963 2460 1106 2520 audiatur.
1152 2459 1274 2538 pluralia
1298 2480 1366 2521 vero
1385 2480 1433 2523 se·

142 2562 269 2622 cundum
298 2561 400 2621 tertiae
426 2580 570 2639 personae
599 2561 832 2621 terminationem
866 2561 1026 2638 aequaliter
1059 2560 1252 2623 terminantur
1279 2564 1375 2623 addita
1403 2583 1432 2624 m

141 2683 194 2743 pro
225 2673 235 2723 t
263 2664 291 2723 in
318 2663 412 2741 prima
440 2672 469 2723 et
498 2663 527 2722 in
554 2662 638 2722 tertia
668 2681 793 2742 persona
828 2663 999 2743 interposita
1026 2680 1063 2732 n,
1095 2672 1126 2722 ut
1157 2671 1270 2725 ametur
1299 2682 1433 2724 anwmur

140 2774 282 2826 natentur.
329 2784 395 2825 narn
422 2765 549 2825 secunda
576 2782 701 2842 persona
728 2763 889 2842 imperativi
911 2762 1014 2823 similis
1036 2773 1080 2824 est
1104 2765 1249 2824 indicativi
1275 2766 1431 2838 secundae,

76 2885 81 2897 ·
140 2866 286 2943 quotttodo
311 2875 337 2926 et
361 2867 437 2944 aliud
464 2867 607 2936 Graecos
632 2874 662 2924 ut
684 2865 821 2924 amamini
843 2865 988 2925 docemini
1010 2864 1138 2942 legimini
1163 2867 1312 2926 audimini.
1359 2868 1432 2928 llaec

103 2969 216 3029 neuim
246 2978 305 3027 tam
333 2968 488 3028 indicativo
516 2968 602 3045 apuam
630 2967 800 3045 imperativo
833 2967 919 3028 modo
947 2966 1080 3027 similiter
1109 2970 1313 3047 prosecuntur,
1343 2969 1431 3047 idque

140 3071 311 3148 comprobat
335 3087 420 3129 usus:
443 3069 641 3129 Terentius
666 3069 695 3128 in
718 3068 937 3129 Phormione

281 3166 1431 3249 'trimigttuuuunttcetaiuntqueadsunt,toquininimecum,

513 3258 518 3265 ¹
1102 3273 1278 3351 Antipho,
1489 3265 1491 3270 ’

291 3372 598 3453 contemplamini
619 3393 687 3449 me;
1073 3374 1078 3382 '

89 3475 169 3534 'suet
191 3476 220 3536 in
243 3476 344 3536 endem
367 3475 525 3535 ‘vultum
551 3475 895 3554 conternplarnini’;
919 3474 994 3535 idem
1018 3475 1046 3535 in
1065 3474 1251 3536 Eunucho
1272 3475 1357 3536 ‘vos
1377 3495 1431 3536 me

140 3576 380 3655 sequitniui':
401 3576 609 3637 Sallustius
625 3577 653 3637 in
672 3577 905 3638 Catilinario
921 3576 1243 3657 ‘expergiscimini
1260 3577 1431 3655 aliquan·

140 3678 185 3738 do
208 3689 245 3738 et
268 3679 461 3757 capessite
487 3698 560 3738 rem
585 3679 800 3756 publicam’;
821 3687 847 3738 et
870 3679 947 3739 idem
964 3679 992 3740 in
1016 3679 1248 3757 iugurthino
1270 3679 1350 3740 ‘ros
1368 3698 1430 3739 au-

140 3789 224 3852 teni,
246 3780 433 3841 Adherbal
458 3790 492 3840 et
520 3780 728 3859 Hiempsal,
758 3781 873 3842 colite
901 3790 938 3841 ot
965 3781 1167 3842 obseruate
1196 3780 1304 3842 talem
1336 3782 1431 3841 liunc

139 3881 271 3953 virum,
305 3881 507 3942 imitamini
528 3882 703 3943 virtutem
725 3891 755 3942 et
777 3883 1002 3943 intuemini'.
1048 3885 1176 3943 latinum
1201 3881 1362 3961 imperativi
1383 3902 1431 3943 se·

210 4103 386 4167 lexccptas
422 4103 568 4167 exceptat)
637 4102 792 4167 llegimini
813 4100 854 4151 Sic
874 4102 991 4152 audiet)
1059 4103 1092 4151 ‘22
1117 4116 1231 4150 amemur
1249 4116 1294 4153 ont.
1315 4101 1348 4162 0,
1367 4103 1428 4151 add.

139 4188 156 4231 ς
227 4174 260 4220 etv
277 4174 301 4220 in
320 4171 483 4233 Phormione]
504 4173 535 4218 ΙΙΙ
556 4171 580 4234 3,
599 4172 631 4222 tu
721 4173 754 4221 ‘27
774 4172 911 4233 loquemini
929 4174 1013 4222 codex
1032 4173 1165 4221 Parisinus
1185 4170 1253 4220 7560
1333 4187 1430 4220 mecum

139 4244 164 4292 in
183 4241 287 4306 antipho
309 4251 332 4290 ct
357 4241 561 4305 cornetuplarnini
586 4258 624 4289 tue
644 4242 668 4289 iu
689 4241 776 4289 eodem
798 4242 867 4289 vudtn
887 4242 953 4290 idem
974 4242 1107 4290 amenum
1127 4255 1172 4307 pro
1192 4238 1296 4305 antipho
1318 4250 1429 4290 cointem-

138 4312 243 4377 plamiui
263 4327 302 4359 mc
328 4313 352 4359 iu
373 4311 461 4359 eodem
481 4310 552 4359 ttttltu
574 4311 638 4358 idem
656 4312 739 4359 ceilae
758 4312 890 4359 Parthenia
908 4311 976 4362 tacu
993 4326 1090 4359 urceum
1108 4312 1132 4359 in
1152 4308 1257 4374 antipho
1276 4311 1430 4376 contempla-

138 4382 197 4430 mini
221 4395 261 4429 me
281 4383 305 4428 in
327 4381 415 4429 coelem
439 4381 644 4445 contemplamini
663 4396 702 4428 nie
724 4380 804 4428 uultu.
844 4379 911 4428 ldem
936 4381 1019 4429 codex
1041 4381 1175 4430 Parisinus
1194 4380 1262 4428 75511
1284 4395 1382 4429 mecum
1406 4388 1430 4428 et

139 4452 205 4500 idem
225 4461 249 4499 et
269 4450 474 4515 coitternplamini
492 4465 531 4498 me
558 4450 646 4498 eodem
671 4450 740 4499 unltu
768 4460 791 4498 et
817 4451 918 4505 identg
1007 4444 1200 4511 tantumdem]
1225 4450 1281 4507 ld,
1300 4451 1333 4499 32
1404 4450 1430 4497 in

138 4518 271 4583 Btvniuho]
294 4521 324 4567 ΙΙΙ
344 4522 376 4577 2,
395 4522 428 4568 att
519 4534 565 4568 nos
589 4535 633 4568 arri.
653 4520 735 4567 codex
756 4521 888 4569 Parisinus
913 4518 981 4569 tabu
1065 4520 1095 4569 31
1123 4520 1148 4567 iu
1175 4516 1331 4582 Catilinario]
1353 4533 1376 4568 c.
1396 4521 1430 4567 52

207 4589 240 4637 32
261 4590 285 4636 in
307 4585 466 4653 iugurthino]
485 4604 508 4638 c.
531 4588 562 4638 10
633 4603 678 4638 uos
703 4601 786 4638 niuem
813 4589 924 4638 ndrterba
943 4589 1053 4638 letemini
1078 4590 1115 4638 sal
1138 4587 1211 4636 colite
1231 4588 1251 4636 C
1274 4603 1320 4637 tvos
1345 4599 1429 4638 autem

137 4666 287 4744 aditerbia'ia
307 4693 388 4740 latiori
408 4692 445 4740 sal
464 4693 537 4741 colite
555 4693 638 4740 codex
652 4693 785 4741 Parisinus
803 4692 871 4743 7500
888 4707 935 4741 uos
951 4703 1035 4740 utitem
1054 4691 1164 4758 plublice
1183 4691 1294 4740 ailiterbn
1318 4693 1429 4743 latentiui

137 4761 267 4812 salcholite
285 4764 368 4810 carica
389 4763 523 4810 Parisinus
544 4763 612 4812 75511
688 4763 720 4813 31
742 4764 859 4811 uirtutem
884 4771 907 4810 et
927 4763 1051 4811 tuemini.
1069 4762 1171 4810 audirnt
1194 4762 1277 4811 codex
1298 4763 1430 4814 Parisinus

137 4832 206 4882 75511
221 4832 328 4881 uirtutes
346 4840 369 4880 et
384 4831 479 4880 erut'rmi
499 4845 530 4880 ue
548 4846 597 4898 ego
617 4832 735 4882 meliores
753 4832 847 4882 liberos
865 4832 1007 4898 sumpsisse
1026 4832 1115 4881 uidear
1132 4845 1207 4893 quam
1222 4832 1344 4896 genuisse
1361 4847 1378 4889 ς
