3352 5490
403 364 652 427 Prurntou'us
675 364 728 424 llll
751 364 856 427 tuus.
878 364 963 425 AEN.
987 364 1008 425 1.
1042 371 1151 428 tr—ta
1363 361 1426 423 403

180 493 201 533 p.
218 481 275 520 ltro.
291 480 315 521 ll
333 479 355 520 Ρ.
1208 491 1231 531 p.
1245 478 1334 518 Yet-⁸³
1350 478 1376 518 li.

129 572 224 623 armo,
249 552 306 611 nisi
322 552 404 630 prius
427 553 486 612 sint
506 570 602 623 arma,
626 551 732 628 quilius
754 569 903 612 armemus
925 550 1050 628 aliquem
1076 547 1145 628 [nco
1168 569 1240 609 auro
1263 568 1350 609 amas
1373 568 1427 609 nec

129 653 254 714 subaero
271 652 436 725 sullanae,
460 652 538 712 unde
558 652 711 713 Persius

282 788 402 848 nequa
426 769 628 830 subaerato
652 770 867 830 mendosum
892 769 1027 830 tinniat
1049 788 1153 842 auro,

128 890 185 951 nisi
206 890 286 969 prius
309 890 346 950 sit
367 907 469 949 aurum
493 885 537 946 rel
559 886 639 966 aes].
664 897 766 947 eontra
789 896 887 947 autern
909 906 925 948 a
948 886 1035 948 verbo
1057 888 1189 947 nascitur
1210 906 1327 960 nomeu,
1349 889 1426 966 qttod

95 1010 108 1049 a
132 1011 190 1051 uon
214 1001 312 1071 potest
334 1009 400 1050 esse
425 990 455 1049 in
475 989 588 1066 aliquo,
613 988 667 1048 nisi
694 989 776 1068 prius
799 996 883 1047 actus
899 987 978 1047 verbi
1001 989 1031 1048 in
1054 1008 1088 1049 co
1112 989 1309 1068 intellegatur,
1331 999 1379 1063 ut,
1403 990 1427 1051 si

69 1170 72 1177 ι
128 1093 209 1152 dicas
239 1093 347 1163 lector,
376 1089 513 1168 intellego
542 1109 608 1150 euru
639 1089 721 1168 prius
749 1090 847 1167 legere
875 1099 904 1149 et
931 1090 973 1149 sio
1000 1090 1025 1149 ei
1055 1089 1083 1149 id
1112 1109 1219 1150 nomen
1239 1089 1245 1171 Ι
1264 1091 1312 1151 do.
1358 1111 1427 1170 ergo

129 1212 227 1265 armo,
251 1193 328 1253 sicut
349 1191 491 1264 diximus,
515 1189 635 1250 verbum
659 1198 703 1250 est
724 1190 988 1264 denominativum,
1011 1190 1088 1268 quod
1110 1210 1125 1251 a
1149 1192 1268 1252 nomine
1288 1194 1427 1266 nascitur,

129 1294 223 1354 lector
241 1301 338 1354 autem
356 1311 463 1353 nomen
484 1290 608 1352 verbale.
655 1291 708 1351 uie
730 1292 878 1370 passivum
901 1291 973 1351 eius.
1010 1294 1123 1353 Armor.
1154 1292 1283 1353 lleelina.
1315 1299 1427 1368 drinor,

129 1397 251 1455 armaris
278 1393 322 1454 rel
345 1413 477 1466 armare,
500 1403 630 1453 armatur
652 1388 680 1453 et
703 1402 808 1453 cetera.
855 1391 907 1452 uic
933 1393 1083 1473 participia
1106 1394 1206 1454 activa.
1251 1398 1374 1456 drruans
1397 1404 1435 1467 et,
1449 1404 1479 1454 td

98 1505 307 1557 toarmaturus.
354 1495 482 1556 Passiva.
527 1496 662 1555 Armatus
690 1503 718 1554 et
740 1494 908 1554 armandus.
953 1494 1011 1554 Fac
1033 1515 1139 1556 nomen
1163 1496 1277 1556 verbale
1300 1518 1315 1557 a
1339 1496 1430 1576 parti·

131 1599 207 1678 cipio
233 1596 381 1678 praeteriti
403 1596 552 1675 temporis.
598 1598 732 1656 Armator
754 1596 899 1656 arniatrix.
946 1594 1026 1656 Cur?
1059 1597 1132 1667 Quia
1156 1599 1252 1657 omnia
1276 1598 1428 1678 participia

130 1701 278 1780 praeteriti
295 1691 436 1784 temppris
456 1717 490 1758 us
511 1697 542 1757 in
558 1716 592 1758 or
614 1697 811 1757 convertentia
832 1697 942 1757 iaciunt
957 1716 1063 1757 nornen
1081 1698 1195 1758 rerltalo
1213 1701 1241 1759 in
1261 1699 1339 1760 omni
1360 1718 1430 1759 con·

131 1803 279 1880 ingutione
303 1798 512 1872 masculinum,
535 1817 571 1859 ex
594 1816 653 1875 quo
674 1798 779 1858 iterum
806 1816 840 1857 or
868 1797 897 1857 in
921 1797 965 1858 rix
993 1807 1141 1859 mutantes
1171 1801 1292 1860 tacimus
1315 1800 1428 1860 lemini-

132 1922 217 1974 num,
248 1903 302 1963 nisi
328 1901 489 1981 euphonia,
516 1900 545 1961 id
569 1908 614 1960 est
634 1920 740 1969 sonus,
764 1897 932 1987 prohibeat,
956 1900 1033 1976 quod
1053 1903 1147 1962 evenit
1168 1903 1197 1961 in
1224 1902 1281 1961 illis
1303 1920 1378 1978 (puae
1400 1901 1430 1961 in

98 2022 183 2065 osor
202 2004 356 2075 desinunt,
381 2013 411 2063 ut
433 2021 558 2083 pransor
580 2020 684 2062 cursor
705 2010 816 2064 tonsor.
862 2019 949 2060 nemo
972 2001 1048 2061 enirn
1072 2002 1141 2062 dioit
1163 2003 1297 2083 pransrix
1318 2002 1429 2063 eursrix

131 2105 243 2167 tonsrix
259 2114 382 2184 proptor
399 2103 586 2183 asperitatem
602 2103 858 2183 pronuntiationis.
882 2103 960 2164 trude
977 2111 1005 2163 et
1020 2103 1222 2165 Terentius
1241 2105 1430 2164 tonstrina

131 2208 201 2267 dixit
215 2204 379 2285 euphoniae
399 2224 489 2266 causa
504 2205 616 2265 addens
631 2213 732 2266 contra
748 2203 877 2283 regulam
895 2212 915 2264 t.
947 2204 1115 2265 sicutenim
1131 2223 1146 2263 a
1164 2205 1283 2265 doctore
1298 2204 1430 2265 doctrina

132 2315 331 2369 consonantes
354 2326 404 2367 eas
432 2305 549 2379 habuit,
578 2325 651 2385 qtias
674 2325 758 2367 suum
782 2306 977 2385 primitivum,
1006 2306 1048 2365 sie
1070 2306 1170 2366 debuit
1190 2307 1276 2366 ctiam
1299 2306 1430 2366 tonstina

131 2410 244 2488 alisque
266 2418 277 2468 t
299 2428 385 2481 esse,
407 2408 463 2469 nisi
487 2408 633 2468 sonoritas
656 2407 810 2485 coegisset.
856 2405 1071 2469 delenstrix
1098 2425 1214 2485 quoque
1238 2407 1378 2467 Cicero
1400 2408 1429 2467 in

76 2490 281 2572 “solimaeo
301 2508 438 2593 prolltulit
461 2508 557 2568 addita
581 2518 601 2568 t.
646 2509 704 2569 Fae
727 2507 781 2568 alia
797 2507 952 2568 derivativa
971 2507 1008 2568 ab
1029 2509 1132 2569 eodem
1154 2528 1242 2588 snpra
1264 2509 1342 2569 dicto
1362 2528 1429 2590 par·
1450 2524 1479 2573 tt

133 2613 242 2691 ticipio.
264 2611 270 2696 Ι
289 2612 417 2706 deriuatio
435 2619 596 2683 armatura,
619 2628 694 2688 quae
709 2628 769 2669 reru
788 2609 881 2689 ipsam
903 2600 1077 2686 significant„
1123 2619 1150 2670 et
1171 2610 1333 2684 sciendum,
1352 2611 1430 2689 quod

134 2713 305 2793 plerumque
322 2712 439 2773 nomina
463 2731 561 2773 rerum
583 2712 704 2772 eandem
730 2711 839 2771 habent
856 2709 1017 2790 participiis
1039 2711 1186 2790 praeteriti
1211 2714 1352 2792 temporis
1372 2721 1431 2772 ter-

133 2814 338 2888 minationem,
361 2814 556 2875 declinatione
579 2822 676 2873 tamen
697 2812 845 2872 dillerunt.
890 2831 958 2872 uam
981 2813 1097 2874 nomina
1121 2821 1240 2892 quartae
1257 2826 1342 2885 scint,
1365 2833 1431 2894 par-

133 2916 230 2996 ticipia
255 2935 323 2976 vero
344 2914 507 2990 secundae,
537 2922 568 2975 ut
588 2914 732 2975 iudicatus
754 2904 770 2972 ὁ
792 2914 908 2994 κριθείς
935 2913 1021 2975 huius
1041 2915 1175 2988 iudicati,
1198 2915 1343 2976 iudicatus
1363 2934 1431 2975 vero

97 3006 152 3092 esi]
175 3017 271 3095 κρίσις
293 3017 380 3077 liuius
403 3017 563 3088 iudicatus3
586 3017 714 3077 monitus
736 3006 753 3074 ὁ
777 3005 981 3093 ὖπομνησθείς
1008 3017 1094 3077 liuius
1114 3016 1233 3089 moniti,
1261 3016 1390 3076 monitus
1411 3004 1431 3092 ἦ

133 3108 299 3196 ὑπόμνησις
315 3117 402 3178 huius
420 3118 565 3194 monitus;
584 3117 678 3180 lectus
692 3108 708 3176 ὁ
723 3108 928 3197 ἆναγνωθείς
943 3118 1031 3178 liuius
1045 3117 1127 3189 lecti,
1150 3117 1245 3178 lectus
1263 3106 1282 3193 ἡ
1296 3109 1430 3195 ἀνάγνω-

133 3237 178 3292 σις
201 3220 289 3280 huius
317 3218 429 3295 lectus;
453 3219 549 3281 aditus
571 3210 588 3278 ὁ
611 3218 821 3297 προσελευθείς
848 3219 936 3280 huius
960 3219 1045 3292 aditi,
1077 3219 1172 3279 aditus
1199 3206 1218 3297 ἡ
1243 3217 1432 3298 προσέλευσις

94 3317 96 3320 ’
134 3321 222 3382 huius
250 3320 356 3380 aditus.
400 3321 517 3398 quidam
553 3330 650 3382 autem
683 3321 771 3382 stulte
799 3329 829 3381 et
858 3330 959 3382 eontra
989 3340 1073 3382 usum
1104 3328 1255 3381 auctorum
1284 3320 1428 3400 participii
1451 3333 1482 3384 18

134 3422 343 3504 paenultimam
366 3423 533 3501 producunt
552 3431 581 3484 et
600 3406 700 3483 dicunt
723 3442 755 3483 se
776 3423 834 3483 hoo
856 3423 953 3483 lacere
974 3423 1155 3483 differentiae
1176 3440 1274 3482 causa.
1320 3421 1431 3482 nullum

98 3526 211 3589 aornim
240 3521 425 3604 participium
455 3525 575 3585 veniens
610 3545 624 3584 a
655 3524 751 3584 verbis
773 3524 802 3583 in
831 3543 866 3584 eo
888 3522 1105 3595 desinentibus,
1128 3523 1188 3583 sire
1210 3523 1357 3584 secundae
1379 3542 1432 3584 seu

135 3636 255 3706 quartae
275 3626 334 3686 sint
352 3625 581 3704 coniugatiouis,
604 3626 612 3685 i
633 3625 805 3705 productam
829 3604 1006 3685 habet'ante
1027 3633 1089 3698 tus,
1113 3634 1144 3685 ut
1166 3643 1271 3686 moneo
1294 3626 1431 3698 monitus,

136 3728 230 3789 habeo
256 3727 394 3800 habitus,
417 3735 571 3807 praetereo
593 3727 782 3807 praeteritus:
811 3725 996 3805 Virgilius
1018 3727 1047 3786 in
1070 3736 1172 3789 octavo

287 3828 420 3889 omini
439 3830 677 3907 praeteritos
699 3830 844 3890 reserat
866 3829 896 3888 si
920 3828 1096 3908 luppiter
1117 3847 1249 3904 anuos;

136 3932 210 3993 obeo
230 3931 344 3991 obitus:
368 3929 445 3990 idem
467 3931 496 3990 in
517 3930 630 3991 decimo
1144 3989 1148 3997 ,

101 4057 127 4098 as
291 4040 409 4091 morte
430 4031 532 4092 obita
553 4032 676 4109 qualis
692 4032 784 4092 laura
804 4040 863 4091 est
884 4029 1045 4093 volitare
1066 4031 1231 4109 liguras3

135 4133 207 4195 adeo
228 4152 345 4213 quoque
362 4133 474 4194 aditus:
499 4132 650 4194 Ovidius
670 4133 699 4193 in
721 4134 858 4211 lastis!

207 4424 218 4472 l
245 4437 291 4471 nee
313 4436 375 4472 atrro
395 4423 461 4471 -4
481 4438 526 4472 aes
549 4437 594 4488 oar.
611 4420 646 4481 S,
670 4422 764 4474 adds
792 4436 839 4471 nee
864 4422 973 4472 subaero
1002 4421 1124 4470 subsertis
1148 4420 1216 4469 uude
1248 4421 1349 4486 persius
1372 4421 1433 4471 sub·

136 4503 222 4541 aerato
239 4493 389 4540 mendosum
408 4493 498 4541 tinniat
517 4507 580 4541 auro
604 4492 652 4540 uisi
669 4492 741 4556 prius
759 4492 792 4541 sit
807 4506 897 4540 aurum
917 4503 941 4541 et
961 4489 1056 4540 ferrum
1074 4490 1117 4539 0:
1137 4491 1171 4552 cs.
1188 4490 1318 4542 Priscian.
1334 4506 1361 4553 p.
1381 4488 1434 4540 828

205 4559 462 4626 2l’ersinsl5,10tl
530 4564 547 4610 4
572 4571 656 4610 autem
675 4561 696 4608 S
713 4559 814 4610 lmecC
885 4560 913 4609 tt
934 4556 1041 4624 quodS
1065 4560 1170 4622 quueG
1240 4556 1431 4624 ldTerentius]

136 4631 237 4681 Pdonn.
259 4632 266 4678 l
286 4635 310 4688 2),
328 4631 362 4679 39
436 4632 466 4680 Π
485 4631 590 4680 edocto
611 4631 633 4680 G
703 4630 735 4680 18
753 4645 827 4679 suum
846 4631 867 4679 G
884 4630 1028 4679 mrbumS
1100 4628 1131 4679 ro
1153 4626 1202 4677 nisi
1221 4628 1435 4679 consororitusS

222 4702 255 4749 ‘22
281 4700 429 4765 plerumque
456 4700 566 4762 quedam
590 4699 729 4749 nominaS
816 4699 954 4765 participiis
973 4698 995 4747 S
1016 4714 1073 4747 eum
1100 4698 1241 4762 participiis
1264 4714 1278 4747 r
1307 4699 1434 4764 participii

135 4771 157 4820 G
225 4769 260 4820 30
277 4770 344 4818 euim
361 4768 520 4818 CautemS
589 4768 624 4821 32
641 4770 668 4818 iu
686 4766 785 4834 muro]
802 4784 826 4819 ι.
843 4769 897 4819 auo
966 4769 1000 4820 ut
1018 4768 1044 4817 iu
1060 4764 1170 4832 decimo]
1190 4766 1283 4818 osolt
1355 4767 1434 4829 auin

47 4865 50 4868 >
135 4837 222 4904 lastis]
245 4837 290 4887 llll
310 4836 363 4888 583
