3352 5490
198 362 411 424 tusttrvrtu
436 361 484 422 uu
508 363 653 423 NOlllNE
678 363 727 423 ET
747 362 970 424 Puuttottm'u
994 362 1044 422 ET
1068 362 1202 424 VERBO.
1224 372 1336 428 att-45
1373 362 1434 424 451
1520 347 1524 353 ’

198 478 289 530 pieri.
304 477 362 517 ur.
1278 477 1386 529 aerea.

146 549 244 608 dicere
272 557 301 608 et
322 549 435 609 similia.
482 549 604 609 eandem
627 559 724 608 autem
757 548 846 608 babet
869 547 1094 608 declinationem
1118 549 1306 628 praeteritum
1331 548 1439 627 imper-
1454 553 1487 603 tt

146 651 255 709 lectum
282 650 310 709 iu
341 651 419 709 omni
447 650 668 727 coniugatione,
697 667 783 725 quam
810 650 899 709 babet
918 651 1030 729 primae
1058 650 1273 727 coniugationis
1298 668 1439 730 praeseus

148 760 277 829 tempus,
305 759 334 809 et
356 752 453 811 omnia
480 769 555 829 quae
575 748 579 831 l
599 751 627 810 in
653 770 685 810 as
709 751 868 811 secundam
891 769 1048 830 personam
1073 752 1197 821 iaciunt,
1228 752 1440 828 cuiuscumque

147 853 206 912 sint
225 853 368 931 temporis
383 852 428 911 vel
447 853 524 912 modi
549 853 592 912 rel
614 852 840 929 coniugationis,
863 852 998 913 similiter
1014 851 1210 921 declinantur,
1233 863 1264 913 ut
1279 872 1345 913 amo
1360 871 1440 912 amas

113 969 126 1006 a
147 963 225 1013 amat
247 973 378 1014 uniamus
402 954 506 1014 uniatis
527 962 640 1026 amant,
671 952 802 1012 amabam
826 953 945 1013 amabas
967 954 1083 1014 amabat
1106 953 1275 1014 amabamus
1298 952 1440 1015 amabatis

147 1055 299 1128 amabant,
319 1073 483 1115 anrareram
502 1074 652 1116 amaveras
675 1063 820 1114 arirarerat
842 1074 1043 1116 amaveramus
1062 1056 1234 1116 amaveratis
1256 1063 1439 1131 amaverant;

147 1156 265 1234 optativi
289 1159 417 1217 ltrturum
441 1166 469 1216 et
492 1176 632 1237 praesens
651 1156 826 1217 coniunctiri
849 1157 996 1217 secundae
1015 1158 1118 1218 tertiae
1138 1165 1167 1217 et
1186 1167 1312 1231 quartae
1330 1162 1437 1217 com'u-
1456 1159 1489 1208 ⁴¹2

144 1261 284 1331 potionis,
304 1257 400 1334 legam
422 1258 504 1336 legas
526 1257 601 1335 legat
621 1257 750 1336 legamus
773 1257 875 1336 legatis
897 1258 1003 1336 legant
1033 1261 1062 1319 in
1085 1280 1117 1320 es
1137 1278 1254 1338 equoque
1275 1259 1439 1319 desinentia

148 1359 176 1419 in
200 1360 328 1419 secunda
352 1378 495 1441 persona,
516 1360 727 1438 cuiuscumque
749 1360 808 1418 sint
828 1361 968 1438 temporis
990 1361 1034 1420 vel
1051 1362 1129 1421 modi
1151 1362 1194 1421 rel
1216 1360 1439 1439 coniugationis,

115 1459 309 1520 reserandum
331 1480 471 1538 praesens
494 1470 609 1540 tempus
628 1461 772 1521 imlicatiri
790 1459 868 1519 modi
890 1461 1036 1522 secundae
1057 1463 1270 1540 coniugationis
1292 1461 1441 1522 declinan-

95 1582 101 1594 ·
148 1570 210 1634 tar,
233 1571 265 1622 ut
275 1546 372 1622 'doceo
395 1563 483 1624 doces
504 1563 590 1623 docet
611 1563 751 1623 docemus
773 1562 885 1622 docetis
907 1563 1028 1637 docent,
1049 1582 1175 1623 amarem
1195 1582 1309 1623 amares
1329 1572 1441 1623 amaret

148 1682 314 1724 amaremus
341 1665 477 1724 amaretis
512 1673 657 1736 amarent,
693 1678 786 1722 aurem
816 1682 896 1723 ames
928 1673 1004 1724 amet
1035 1683 1167 1725 amemus
1195 1666 1299 1725 ametis
1332 1673 1440 1738 ament,

148 1765 275 1842 legerem
298 1765 411 1842 legeres
435 1766 544 1844 legeret
566 1767 730 1842 legeremus
752 1765 887 1842 legeretis
911 1765 1049 1843 legerent
1094 1766 1123 1825 in
1147 1767 1172 1826 is
1195 1785 1263 1826 vero
1285 1767 1491 1827 terminatam

148 1867 277 1925 secunda
298 1885 424 1945 persona
447 1867 549 1927 tertiae
572 1867 786 1944 coniugationis
806 1866 1047 1936 declinationem,
1072 1885 1158 1944 quam
1174 1867 1283 1928 liabent
1304 1870 1334 1929 in
1356 1887 1441 1948 prae·

115 1968 224 2027 essenti
253 1976 399 2047 tempore,
430 1978 564 2040 serrant,
592 1978 624 2029 ut
650 1969 715 2045 lego
744 1968 816 2045 legis
840 1968 910 2046 legit
932 1967 1056 2045 legimus
1079 1969 1175 2047 legitis
1198 1968 1314 2047 legunt,
1337 1968 1441 2030 amabo

147 2069 259 2129 amabis
282 2069 389 2129 amabit
412 2068 574 2129 amabimus
599 2069 732 2129 amabitis
759 2070 913 2143 amabunt,
943 2070 1054 2130 docebo
1076 2070 1195 2130 docebis
1216 2069 1333 2130 docebit
1354 2070 1442 2131 doce·

148 2171 243 2230 liinius
271 2170 414 2230 docebitis
443 2171 606 2243 docebunt,
637 2171 685 2232 ibo
715 2170 770 2231 ibis
796 2172 847 2231 ibit
876 2172 983 2232 ibimus
1012 2171 1091 2232 ibitis
1113 2172 1205 2232 ibunt.
1251 2170 1320 2231 illud
1344 2181 1440 2231 autem

148 2272 308 2333 notandum
332 2281 392 2344 est,
416 2273 494 2350 quod
517 2273 547 2332 in
570 2273 761 2332 subiunctiris
784 2274 868 2332 tertia
891 2290 1018 2351 persona
1042 2271 1163 2350 pluralis
1184 2291 1243 2332 non
1267 2273 1410 2333 convertit
1430 2272 1440 2331 i

147 2375 176 2433 in
198 2393 231 2445 u,
257 2382 287 2433 ut
312 2375 467 2435 amaverim
497 2375 540 2434 rel
570 2393 705 2434 amavero
727 2374 868 2434 amareris
896 2375 1034 2434 aararerit
1056 2373 1249 2434 amaverimus
1275 2373 1441 2434 amaveritis

112 2475 315 2535 aoarriarerint.
362 2484 390 2534 et
419 2476 448 2535 in
477 2475 618 2536 anomalis
646 2474 762 2551 quidem
791 2476 832 2534 sis
862 2484 892 2535 ct
913 2475 983 2535 velis
1007 2484 1064 2535 tarn
1088 2476 1182 2535 finalis
1203 2475 1352 2535 secundae
1375 2493 1442 2554 per·

148 2595 237 2636 sonae
259 2594 347 2653 quani
370 2577 548 2654 paenultima
570 2578 681 2655 primae
704 2577 824 2655 pluralis
846 2586 876 2636 et
901 2577 1047 2638 secundae
1069 2576 1177 2655 syllaba
1199 2576 1388 2656 producitur,
1409 2584 1442 2636 ut

141 2670 202 2737 'sim
224 2679 265 2738 sis
289 2678 325 2738 sit
348 2679 440 2739 simus
460 2679 525 2739 sitis
546 2678 619 2751 siut,
644 2677 728 2739 velim
749 2679 819 2739 velis
837 2678 904 2738 velit
925 2676 1047 2739 velimus
1068 2678 1160 2738 velitis
1179 2677 1282 2753 relint;
1303 2679 1332 2737 in
1348 2674 1362 2760 ΙΙ
1376 2677 1441 2737 aliis

147 2798 215 2838 rero
242 2780 401 2839 rarissime.
444 2780 531 2857 igitur
554 2780 650 2840 oninia
683 2788 814 2859 tempora
842 2779 871 2840 in
899 2779 979 2839 omni
1007 2781 1211 2858 coniugatione
1244 2779 1273 2839 in
1302 2779 1439 2839 omnibus
1456 2785 1489 2834 tt

148 2881 243 2940 modis
270 2881 380 2959 absque
411 2881 582 2959 imperativo
610 2891 639 2941 et
667 2882 779 2959 alisque
806 2883 963 2961 praeterito
989 2883 1121 2960 perlecto
1143 2880 1297 2941 iudicatiro
1319 2889 1442 2960 apparet

112 2983 259 3042 astrilarie
281 2982 420 3042 declinari
440 2981 602 3043 secundum
621 3003 761 3063 praesens
783 2991 898 3063 tempus
916 2984 1002 3043 trium
1025 2982 1272 3060 coniugationum.
1307 2991 1337 3042 et
1353 3000 1442 3042 omne

147 3084 265 3161 quidem
294 3085 483 3162 praeteritum
509 3084 713 3164 imperfectum
740 3093 769 3145 et
796 3086 1115 3165 plusquamperfectum
1145 3083 1306 3144 secundum
1329 3084 1441 3163 primae

148 3186 361 3263 coniugationis
395 3205 536 3265 praesens
565 3195 681 3266 tempus
714 3186 912 3258 declinantur,
940 3195 973 3246 nt
1006 3185 1138 3246 amabam
1171 3184 1291 3245 amabas
1324 3183 1441 3245 amabat

147 3287 317 3347 amabamus
346 3287 487 3348 amabatis
515 3288 666 3360 amabant,
695 3307 858 3349 amaveram
886 3306 1035 3349 amaveras
1065 3294 1212 3346 amaverat
1238 3304 1440 3347 amaveramus

147 3390 320 3449 amaveratis
347 3397 529 3463 amaverant,
558 3389 698 3450 docebam
721 3389 848 3450 docebas
871 3389 1009 3462 docebat,
1031 3391 1192 3449 docueram
1217 3390 1364 3449 docueras
1386 3389 1440 3447 do·

112 3503 266 3563 scurror,
294 3490 426 3567 legebam
456 3491 574 3568 legebas
602 3491 731 3570 legebat,
756 3491 885 3568 legeram
912 3490 1026 3568 legeras
1055 3491 1180 3567 legerat,
1209 3490 1363 3550 audiebam
1386 3509 1440 3551 au·

147 3593 247 3652 diebas
269 3592 419 3664 audiebat,
443 3592 590 3653 audieram
615 3593 749 3652 audieras
776 3592 916 3653 audierat.
962 3591 1096 3653 similiter
1116 3592 1264 3654 secundae
1286 3602 1315 3652 et
1334 3591 1436 3653 tertiae
1455 3597 1489 3648 ts

147 3703 176 3754 et
198 3703 317 3773 quartae
344 3694 557 3771 coniugationis
578 3695 708 3755 laturum
735 3694 895 3772 optativum
923 3703 952 3755 et
980 3714 1122 3774 praesens
1151 3693 1366 3756 subiunctiruto
1394 3712 1441 3754 se·

146 3795 273 3856 cundum
299 3795 410 3875 primae
437 3796 649 3873 coniugationis
676 3795 836 3855 secundam
865 3814 1020 3874 personam
1043 3796 1241 3868 declinantur,
1264 3805 1296 3856 nt
1318 3797 1439 3858 doceam

146 3896 254 3958 doceas
275 3897 394 3971 doceat,
416 3898 510 3974 legam
528 3896 609 3975 legas
632 3897 721 3975 legat,
746 3897 860 3957 audiam
880 3897 981 3958 audias
1004 3897 1111 3958 audiat.
1157 3897 1319 3957 secundum
1342 3907 1439 3957 autem

112 4017 288 4079 repraesens
313 3999 461 4059 secundae
486 3999 700 4076 coniugationis
722 3998 906 4059 declinantur
931 3999 1061 4058 futurum
1084 3998 1231 4058 indicativi
1252 3998 1282 4057 in
1304 3998 1387 4057 tortia
1410 4005 1440 4056 et

146 4109 247 4178 quarta
269 4101 489 4177 coniugatione,
514 4111 546 4160 nt
568 4099 661 4177 legam
685 4100 765 4178 leges
789 4101 880 4177 leget,
902 4099 1017 4160 audiam
1039 4099 1140 4159 audies
1163 4099 1277 4169 audiet,
1301 4106 1331 4157 et
1352 4114 1440 4157 omne

146 4199 296 4283 praelsens
320 4210 349 4261 et
378 4201 566 4280 praeteritum
595 4201 800 4280 imperfectum
829 4202 947 4280 optativi
976 4208 1006 4261 et
1029 4199 1232 4279 imperfectum
1262 4197 1438 4258 subiuucliri

214 4358 230 4406 'l
258 4355 411 4403 coniunctiai
437 4354 526 4402 tertiae
550 4352 738 4417 cnuiirgatiouis
762 4361 785 4401 ct
810 4361 914 4416 quartae
939 4353 1058 4418 legatus
1147 4361 1171 4400 rt
1195 4362 1298 4414 quartae
1317 4352 1427 4417 coniuge

145 4427 222 4473 tinnis
238 4440 283 4473 om.
301 4425 334 4483 O,
352 4425 413 4473 eald.
434 4424 495 4472 Ata.
552 4421 584 4471 10
602 4421 730 4471 secundae
749 4422 937 4487 coniugationis
959 4437 977 4478 ς
1011 4421 1138 4472 secriadae
1156 4420 1332 4469 declinationis
1352 4422 1374 4471 G

148 4496 178 4544 14
197 4495 306 4543 secunda
327 4508 437 4558 persona
458 4507 474 4548 ς
493 4492 620 4543 secundae
635 4506 758 4557 personae
775 4493 796 4542 0
863 4493 897 4541 23
916 4493 995 4556 igitur
1011 4493 1096 4540 emula
1113 4500 1227 4555 tempora
1246 4491 1270 4538 iu
1290 4492 1359 4540 omni
1378 4505 1439 4540 con·

145 4564 276 4627 ingutione
295 4578 326 4611 nn
344 4578 428 4612 alneu
449 4576 606 4611 constratae
625 4561 763 4610 iudicatiuo
776 4570 879 4625 apparet
894 4561 990 4622 absque
1005 4559 1171 4624 imperatiuus
1184 4558 1263 4622 (corr.
1275 4558 1439 4625 irnperatiuo)

145 4634 170 4681 in
189 4632 305 4681 omnibus
325 4631 407 4680 modis
426 4641 449 4680 et
469 4632 565 4693 absque
585 4631 720 4695 praeterito
741 4631 852 4694 perlecto
871 4629 966 4678 trifarie
981 4628 1102 4677 declinari
1122 4629 1260 4677 secuudum
1278 4644 1399 4694 praeseus
1419 4629 1440 4678 θ

145 4703 223 4766 igitur
249 4703 335 4749 omnia
355 4711 471 4767 tempora
495 4706 519 4748 in
545 4701 612 4749 emm
632 4700 812 4764 cnriiugatione
834 4699 970 4747 iudicatiuo
989 4708 1112 4764 apparent
1131 4708 1155 4746 et
1173 4700 1198 4747 in
1218 4699 1336 4748 omnibus
1357 4699 1441 4749 modis

145 4775 241 4834 absque
259 4771 394 4836 praeterito
411 4770 524 4836 perlecto
544 4779 568 4819 et
582 4770 678 4833 absque
696 4768 846 4833 imperfecto
863 4767 977 4818 trifariae
995 4767 1173 4818 declinetlonie
1190 4768 1267 4817 etiem
1287 4779 1441 4834 praesens<

214 4839 402 4891 cadauerum
421 4838 546 4889 docueras
564 4838 686 4888 docuerat
704 4854 749 4887 oia.
768 4837 794 4894 C,
813 4836 873 4888 add.
894 4850 928 4894 ς,

207 4929 210 4937 ·
708 4914 714 4924 ·
1178 4918 1243 4981 aa·
