3352 5490
425 365 673 428 Paurtntos'us
696 365 748 426 Xll
771 365 876 427 l'EllS.
900 365 984 426 AEN.
1003 364 1052 425 lll.
1077 373 1189 430 oa-m
1392 362 1454 422 475

212 493 235 532 p.
252 481 310 521 raas.
325 479 350 519 aa
364 481 388 520 r.
1254 478 1360 529 paca-s
1376 477 1403 518 u.

161 552 227 611 darn
252 552 422 626 derivatira;
451 551 610 632 primitiva,
644 560 675 611 ut
703 570 791 630 saepe
819 551 907 623 satis,
934 550 1106 623 derivativa,
1136 559 1167 610 ut
1202 550 1320 629 saepius
1353 548 1454 608 satius.

163 653 320 730 Postquam
342 653 431 729 igitur
450 653 533 713 ouius
557 661 601 711 est
623 651 865 727 significationis?
886 652 1048 731 Temporis.
1095 651 1184 711 Cuius
1206 649 1341 728 figurae?
1365 651 1451 709 Com·
1471 651 1505 704 ua

163 754 285 832 positae.
322 755 363 814 Ex
385 751 512 830 quibus?
539 753 581 812 Ex
603 753 717 813 duolms
739 753 877 830 integris,
900 760 1016 831 postet
1037 771 1133 830 quam.
1179 754 1273 823 Quom
1296 750 1385 810 habet
1406 767 1456 809 ac·

162 854 301 914 centnm?
335 856 365 915 Si
395 874 447 934 per
470 874 502 913 se
529 855 694 933 proteratur
720 854 763 913 rel
792 860 996 932 praepostere,
1020 862 1152 926 acutum,
1176 853 1205 913 in
1228 872 1313 913 versu
1334 849 1339 934 Ι
1359 859 1454 911 autem

140 974 288 1033 sgrarom.
334 956 387 1015 llic
417 955 605 1015 clericatirum
634 975 649 1014 a
677 963 752 1034 post.
799 954 938 1014 l’osterus
965 963 1082 1034 postera
1112 963 1261 1034 posterum
1287 953 1454 1033 posteritas,

162 1056 248 1116 liuius·
276 1056 504 1134 comparativum
533 1056 692 1134 posterior,
720 1055 928 1135 superlativum
957 1065 1140 1135 postremus3
1170 1065 1198 1115 et
1223 1056 1299 1116 aliud
1323 1054 1455 1133 poeticus
1490 1120 1494 1127 ,

162 1159 273 1236 postica
304 1158 449 1237 posticum
479 1165 507 1215 et
528 1166 631 1236 postea
650 1166 679 1216 et
696 1157 837 1236 posthaec
863 1165 892 1216 et
912 1158 1078 1236 postmodo.
1123 1150 1224 1237 poste's
1248 1174 1365 1234 quoque
1386 1155 1455 1215 inde

162 1258 295 1344 ridentur
332 1258 440 1325 dictae,
474 1258 552 1334 quod
589 1265 656 1337 post
676 1259 768 1318 'loros
801 1267 888 1318 stant.
933 1260 1108 1338 posthumus
1145 1260 1231 1318 etiam
1260 1258 1296 1318 ab
1327 1258 1384 1317 laoc·
1411 1263 1456 1317 est

162 1359 357 1437 compositum
383 1367 412 1418 et
444 1359 654 1438 postliminium
683 1367 712 1419 et
740 1361 938 1438 pomoerium,
972 1361 1056 1438 qnasi
1079 1369 1145 1440 post
1168 1378 1299 1432 murum,
1324 1366 1352 1418 et
1375 1365 1457 1437 post·

130 1461 268 1528 ttlrabeo.

248 1561 319 1621 llos
343 1580 417 1639 qnae
440 1579 509 1640 pars
532 1561 671 1622 orationis
699 1561 767 1621 est?
800 1562 922 1622 Nomen.
969 1562 1044 1633 Quid
1068 1572 1113 1622 est
1135 1562 1263 1622 nomen?
1296 1563 1366 1623 Pars
1388 1580 1453 1622 ora·
1472 1568 1506 1619 70

163 1663 251 1723 tionis
278 1672 305 1721 et
331 1673 437 1723 cetera.
483 1663 562 1732 Quot
583 1663 719 1722 accidunt
744 1661 875 1722 nomini?
898 1662 1042 1741 Quinque.
1089 1662 1192 1734 Quae?
1221 1664 1343 1742 Species
1364 1681 1457 1740 genus

163 1782 303 1824 uurnerus
326 1768 417 1842 ligura
440 1783 535 1824 casus.
568 1762 657 1823 Cuius
680 1771 725 1823 est
747 1762 876 1842 speciei?
896 1763 1144 1844 Appellatitomm
1163 1763 1318 1841 generalis.
1349 1763 1458 1834 Quam·

164 1865 205 1925 ris
234 1865 310 1924 enim
341 1866 459 1942 quidam
488 1865 669 1943 grammatici
698 1848 891 1945 incorporalia
922 1864 1036 1926 soleant
1058 1885 1106 1926 ros
1129 1866 1242 1938 dicere,
1270 1873 1368 1925 tamen
1390 1883 1456 1925 vera

131 1967 275 2026 uratioue
304 1967 399 2026 rrmnia
429 1985 502 2045 qnae
532 1974 615 2040 sunt,
646 1966 706 2026 sire
737 1967 899 2046 corporalia
929 1967 989 2029 sive
1017 1967 1227 2047 incorporalia,
1255 1986 1304 2027 res
1333 1974 1458 2046 possunt
1505 2026 1509 2033 ,

163 2068 323 2140 nominari,
341 2068 418 2128 sicut
440 2068 488 2128 liic
506 2086 555 2128 res
571 2067 656 2127 Asiae
671 2067 742 2127 dixit
757 2087 810 2147 pro
831 2088 918 2148 opes,
940 2078 969 2128 et
988 2087 1036 2129 res
1060 2068 1173 2146 publica
1190 2076 1219 2127 et
1239 2087 1288 2129 res
1308 2067 1458 2128 familiaris

163 2178 192 2228 et
213 2188 261 2229 res
283 2169 391 2229 uxoria.
437 2187 522 2247 ergo,
546 2169 622 2229 sicut
644 2188 732 2248 supra
756 2169 898 2244 diximus,
920 2170 1161 2246 significationem
1183 2169 1271 2228 habet
1290 2168 1456 2246 generalem

164 2279 192 2331 et
215 2279 260 2331 est
282 2270 466 2349 primitivum.
504 2268 667 2346 Facigitur
687 2270 723 2330 ab
746 2289 780 2330 eo
800 2270 997 2331 derivativum.
1035 2270 1151 2330 Recnla.
1181 2269 1298 2346 quidam
1321 2277 1350 2330 et
1372 2287 1455 2330 reum
1474 2282 1505 2332 τι

164 2373 231 2432 inde
253 2373 362 2432 dictum
380 2379 498 2450 putant,
521 2371 599 2449 quod
622 2371 663 2431 rei
686 2371 772 2431 alicui
794 2372 937 2432 obnoxius
959 2381 1012 2432 est.
1059 2365 1148 2432 Cuius
1171 2378 1216 2430 est
1236 2369 1373 2447 generis?
1403 2371 1458 2431 Fe·

32 2542 36 2549 g
128 2474 275 2540 aorrrmini.
321 2470 400 2533 Cur?
429 2472 503 2542 Quia
524 2473 621 2532 omnia
640 2472 757 2532 crumina
774 2472 891 2549 quintae
914 2472 1116 2533 declinationis
1144 2472 1282 2533 feminina
1312 2457 1382 2534 sunl
1408 2491 1458 2532 ex·
1531 2541 1534 2548 .

164 2585 248 2656 cepto
271 2575 354 2645 dies,
371 2574 447 2650 quod
469 2573 498 2633 in
522 2570 660 2651 singulari
684 2592 806 2634 numero
828 2583 885 2634 tani
901 2575 1093 2642 masculinum
1113 2578 1199 2650 quant
1223 2574 1393 2634 femininum
1413 2573 1458 2633 in-

164 2678 292 2748 venitur,
315 2677 343 2735 in
367 2674 470 2753 plurali
491 2694 559 2735 vero
577 2674 731 2734 nrasaulini
755 2675 912 2735 dumtaxat.
957 2684 1002 2736 est
1023 2675 1109 2735 etiam
1134 2693 1240 2735 nomen
1262 2675 1339 2751 quod
1363 2674 1399 2734 ab
1422 2693 1457 2734 eo

164 2778 363 2858 componitur,
393 2777 449 2835 hoc
471 2783 515 2836 est
537 2775 689 2847 meridies,
719 2776 882 2836 masculini.
927 2795 980 2837 eur
999 2785 1095 2836 autem
1120 2776 1238 2854 quintae
1262 2785 1307 2836 est
1328 2776 1458 2836 declina·

164 2880 268 2951 tionis,
292 2879 320 2938 in
342 2877 453 2954 regulis
476 2893 549 2953 quas
568 2876 604 2935 de
626 2878 744 2937 nomine
764 2877 937 2956 scripsimus
954 2877 1095 2938 invenies.
1141 2878 1232 2938 Cuius
1255 2886 1300 2938 est
1322 2875 1457 2938 numeri?

129 2982 220 3041 attic
247 2980 377 3060 pluralis.
422 2978 502 3039 llude
529 2977 586 3038 hoc
614 2998 773 3057 possumus
800 2977 897 3040 sciret
915 2975 929 3062 ΙΙ
952 2976 1025 3050 Quia
1051 2979 1131 3039 addit
1154 2988 1292 3040 evertere.
1339 2979 1457 3039 verbum

165 3083 241 3143 enim
264 3091 362 3143 ererto
383 3080 549 3143 accusativo
567 3079 705 3157 singulari
725 3080 768 3139 vel
790 3080 892 3160 plurali
916 3099 1038 3140 necesso
1063 3089 1109 3140 est
1137 3074 1270 3159 adiu'ngi3
1301 3080 1457 3158 singularis

164 3194 261 3244 autem
278 3184 461 3244 accusativus
481 3201 542 3242 rom
566 3191 619 3241 est.
658 3182 747 3241 Cuius
768 3191 813 3241 est
834 3180 966 3259 figurae?
989 3181 1146 3261 Simplicis.
1185 3182 1242 3243 Fac
1261 3182 1456 3261 compositum
1473 3190 1507 3240 7²

165 3306 199 3345 ex
221 3285 354 3363 eoquod
378 3294 503 3346 estres.
547 3280 732 3362 llespulblica
754 3283 914 3344 resuxoria.
960 3285 1050 3346 Citius
1073 3293 1118 3343 est
1143 3282 1252 3344 casus?
1294 3282 1456 3343 Accusatiri

166 3386 295 3466 pluralis.
333 3405 420 3447 oume
440 3395 536 3446 autem
557 3403 663 3444 nomen
685 3384 804 3461 quintae
827 3385 1029 3447 declinationis
1050 3385 1259 3445 nominativum
1280 3385 1457 3463 singularem

133 3497 196 3548 aet
218 3488 379 3549 vocativum
412 3494 441 3547 et
472 3486 680 3547 nominativum
705 3485 844 3565 pluralem
869 3497 899 3549 et
926 3487 1124 3548 accusativum
1146 3497 1175 3546 et
1197 3487 1358 3546 vocativum
1379 3486 1458 3546 simi·

165 3589 222 3648 lem
251 3589 347 3649 habet.
393 3589 446 3649 llic
475 3590 604 3665 regulam
630 3587 659 3648 iu
684 3607 716 3648 es
740 3589 910 3667 productam
933 3588 1154 3649 terminatonrm
1178 3591 1328 3648 nominum
1352 3606 1459 3648 conso·

166 3700 254 3750 nante
277 3691 477 3750 antecedente.
507 3690 611 3751 Onmia
631 3689 660 3749 in
683 3710 715 3749 es
738 3691 910 3768 productam
931 3690 1115 3750 terminantia
1139 3691 1256 3750 nomina
1277 3695 1459 3755 consonante

166 3793 356 3852 antecedente
372 3792 474 3851 tertiae
489 3802 559 3852 smu
578 3791 797 3863 (inclinationis,
820 3800 851 3851 ut
870 3811 969 3851 verres
989 3792 1096 3865 rerris,
1112 3792 1218 3852 caedes
1234 3792 1347 3865 caedis,
1364 3792 1458 3852 llixes

165 3893 269 3966 llinis,
293 3893 419 3953 Achilles
445 3893 581 3967 :telrillis;
613 3901 642 3952 et
665 3894 760 3953 omnia
789 3912 874 3972 pares
898 3893 1007 3952 liabent
1025 3892 1150 3972 syllabas
1173 3894 1202 3953 in
1226 3894 1403 3953 rrorrrinatiro
1430 3900 1458 3952 et

132 4011 157 4050 aa
168 3996 301 4071 genetivo
338 3996 468 4074 exceptis
501 3987 632 4073 locuples
664 3995 834 4074 locupletis,
866 4013 980 4054 merces
1018 3995 1179 4069 mercedis,
1215 3996 1300 4055 lieres
1330 3994 1457 4066 heredis,

167 4097 256 4157 Ceres
282 4097 412 4170 tlereris,
436 4080 488 4175 pes
512 4095 611 4175 perlis,
640 4103 668 4154 et
695 4106 844 4175 praetcrea
866 4097 984 4174 quintae
1007 4096 1210 4156 declinationis
1235 4115 1283 4156 res
1309 4096 1366 4167 rei,
1390 4114 1459 4175 spes

166 4198 245 4276 spei,
269 4199 342 4258 sides
363 4198 439 4257 fidei.
485 4197 594 4274 antiqui
619 4217 685 4257 aero
709 4210 736 4258 et
761 4198 861 4277 pleles
885 4198 979 4278 pleliei
1002 4198 1153 4271 dicebaut,
1176 4197 1254 4275 qnod
1276 4217 1353 4258 nunc
1375 4197 1459 4276 plebs

166 4299 260 4378 pleliis
283 4299 423 4374 dicimus,
447 4308 476 4359 et
497 4300 588 4359 tarrres
611 4299 713 4371 latrici,
733 4301 810 4377 ‹prod
834 4319 913 4360 nunc
935 4300 1028 4360 lamis.

235 4488 249 4534 4
271 4486 308 4534 rel
330 4495 491 4552 praepostere
509 4502 556 4535 orn.
575 4485 596 4532 S
664 4487 689 4532 in
710 4500 785 4534 uersu
803 4495 886 4535 eutem
908 4487 932 4534 iu
954 4501 1058 4550 grauem
1078 4486 1234 4534 corirrertitur
1251 4485 1272 4534 S
1342 4488 1357 4535 5
1374 4487 1420 4536 Dic
1437 4489 1460 4537 G

120 4557 202 4603 'lta
224 4558 266 4605 C:
289 4554 572 4620 llic-llpostlrabeo
592 4554 673 4602 συιδ
766 4557 904 4621 'lpostlmo
922 4564 946 4604 et
966 4556 1162 4621 postmodnmg
1248 4557 1459 4621 sposnunuso

239 4627 265 4675 ll
289 4624 651 4683 Quidest—l3casusom
679 4625 700 4671 S
771 4626 801 4674 12
823 4625 1128 4690 speciequunlitnsG
1203 4625 1349 4674 laresque
1369 4626 1409 4676 OS

168 4695 268 4756 ‹pridam
282 4722 315 4729 —
332 4695 362 4742 ut
374 4695 499 4742 olmoxius
519 4704 557 4743 est
580 4694 653 4742 oneS
704 4696 736 4743 'll
758 4695 781 4743 in
801 4695 898 4760 regulis
916 4710 979 4758 qum
998 4695 1029 4743 dc
1050 4695 1150 4743 nomine
1167 4692 1328 4760 scripsimus]
1346 4695 1458 4758 platta.

167 4766 218 4813 aut
303 4763 334 4813 at
357 4761 532 4814 trasericus
617 4762 650 4813 36
673 4779 719 4828 pes
737 4764 810 4830 pedis
830 4765 853 4815 G
877 4780 924 4831 pes
943 4764 1011 4831 pidis
1029 4765 1051 4814 0
1071 4779 1164 4830 perpes
1182 4763 1339 4830 perpetiaS
1425 4765 1459 4817 37

167 4833 318 4883 dicebantG
335 4833 526 4882 destinauerunt
545 4831 573 4896 S,
595 4848 641 4883 orn.
661 4832 683 4882 d
