3352 5490
427 359 675 422 PARTlTlONES
697 360 748 421 llll
768 360 873 420 l'EltS.
897 359 980 419 AEN.
1005 359 1040 419 ll.
1062 368 1174 423 57-6t
1376 356 1438 417 473

196 489 210 529 1·
230 477 287 517 iam.
303 476 361 518 aee.
1237 471 1381 524 ...ano-av.

146 547 287 627 pluralem
306 548 509 609 lmiuseemodi
532 546 666 618 nomina,
696 547 722 606 id
746 554 791 606 est
813 564 888 623 quae
911 545 1121 625 nominativum
1145 555 1174 605 et
1196 546 1359 622 genetivum
1380 546 1441 605 sin·

145 649 275 725 gularem
295 649 417 709 similem
434 649 559 718 liabent,
580 648 683 706 tamin
705 667 736 707 es
752 648 923 727 producmm
942 665 1028 724 quam
1045 648 1073 706 in
1093 647 1117 706 is
1139 647 1254 723 longam
1272 647 1438 706 tenniuaut.

230 750 373 810 lutenti
396 770 471 828 quae
486 769 555 830 pars
574 749 716 809 orationis
737 746 804 808 est?
828 746 1024 825 participium.
1071 748 1145 816 unio
1166 757 1210 806 est
1231 745 1438 825 participium?
1456 756 1487 806 ot

147 853 217 911 l'ars
245 851 387 911 orationis
415 860 527 930 partem
555 850 674 928 capiens
702 849 829 908 inuninis
857 857 1028 926 partemque
1058 848 1146 908 verlvi.
1193 848 1270 917 Quot
1303 847 1441 908 accidunt

121 950 320 1031 spartiripiul
356 954 420 1011 Sex.
466 949 569 1021 Oetae?
603 950 701 1009 Genus
724 970 810 1009 casus
840 959 955 1028 tempus
977 949 1151 1026 significatio
1175 968 1315 1009 numerus
1338 950 1439 1024 ligura.

147 1053 237 1113 Cuius
265 1060 311 1111 est
338 1050 476 1128 generis?
512 1050 674 1111 dlasculini.
722 1053 810 1110 Cuius
837 1048 975 1111 nummi?
1008 1053 1148 1110 lturcte's.
1194 1050 1246 1109 llic
1282 1049 1439 1127 singulare.

147 1154 280 1214 intentos
300 1154 408 1213 intenta
431 1154 583 1213 intentum.
629 1161 658 1211 et
676 1147 681 1231 Ι
702 1151 868 1224 sciendum,
895 1152 973 1229 qttod
996 1152 1092 1211 omnia
1118 1151 1267 1230 participia
1289 1150 1438 1230 praeteriti
1456 1162 1490 1213 tta

147 1265 176 1314 et
192 1256 281 1315 luturi
304 1255 443 1334 temporis
463 1252 579 1312 mobilia
600 1262 685 1325 sieut,
709 1262 737 1312 et
757 1252 785 1312 in
802 1253 965 1313 masculino
980 1254 1097 1332 quidem
1118 1254 1190 1312 etin
1211 1263 1315 1312 rieutro
1332 1270 1440 1345 generp

148 1356 309 1417 secundum
333 1355 450 1415 novitios
474 1355 620 1413 secundae
641 1354 844 1414 declinationis
860 1353 1060 1427 declinantur;
1079 1354 1108 1412 in
1132 1354 1272 1413 feminino
1293 1372 1361 1413 vero
1381 1352 1442 1432 pm

116 1476 226 1517 retinam
243 1456 466 1517 declinationem
489 1463 613 1516 servant.
660 1456 824 1534 praesentis
845 1464 941 1515 autern
959 1456 1101 1534 temporis
1118 1453 1286 1535 partillcipia
1310 1472 1442 1514 commu·

84 1597 86 1602 =
149 1559 194 1619 nia
217 1565 287 1617 sunt
309 1558 395 1617 trium
420 1574 576 1634 generum,
598 1563 629 1613 ut
653 1556 701 1615 liic
723 1564 752 1615 et
773 1557 845 1615 haec
864 1565 893 1615 ct
915 1557 971 1618 hoc
996 1575 1118 1628 anians,
1142 1564 1171 1616 et
1194 1557 1294 1615 tertiae
1312 1555 1441 1616 deelina-

149 1660 244 1720 tionis.
291 1657 442 1717 selendum
472 1666 586 1728 tamen,
618 1657 695 1733 quod
726 1666 795 1717 sunt
817 1659 959 1733 quaedam
983 1657 1085 1731 verba,
1114 1675 1239 1734 quorum
1267 1656 1441 1735 significatio
1497 1702 1502 1707 .

149 1761 185 1821 ad
208 1760 287 1820 solos
310 1778 407 1819 eomes
430 1758 474 1818 vel
503 1758 538 1817 ad
567 1757 645 1817 sulas
674 1759 798 1817 sentinas
820 1759 962 1837 pertinet;
985 1760 1020 1819 ad
1045 1777 1159 1829 mares,
1182 1767 1214 1818 ut
1237 1759 1335 1830 tutuo,
1357 1758 1444 1840 cuius

150 1862 331 1941 participium
362 1877 479 1936 quoquc
508 1859 543 1918 ad
571 1877 668 1918 mares
698 1859 778 1919 solos
806 1860 947 1938 pertinet,
977 1860 1105 1920 lutuens.
1151 1879 1236 1921 nemo
1266 1860 1342 1920 enim
1373 1859 1444 1920 dicit

115 1979 140 2017 ¹⁵
153 1964 224 2024 llaec
239 1964 372 2032 lutuens,
391 1961 446 2019 uisi
466 1960 496 2020 in
511 1959 660 2038 epicoenis
679 1960 846 2021 numinibus
862 1960 1047 2034 animalium,
1064 1972 1095 2021 ut
1111 1962 1183 2021 llaec
1202 1961 1297 2039 aquila
1314 1963 1442 2033 lemene,

149 2065 176 2123 in
201 2081 273 2139 quo,
299 2062 431 2139 utrumvis
459 2061 628 2121 femininum
658 2063 856 2140 proteramus,
888 2072 984 2123 tamen
1011 2082 1121 2123 marem
1150 2062 1355 2139 intellegimus.
1400 2062 1443 2121 sic

149 2165 235 2224 etiam
259 2165 288 2223 io
312 2162 467 2223 lemininu:
496 2161 575 2221 nubo
597 2162 640 2221 vir
662 2182 720 2223 nou
741 2164 827 2235 dicit,
850 2164 905 2223 nisi
930 2164 955 2224 si
977 2164 1103 2242 abneget
1124 2182 1225 2223 sexum
1246 2173 1274 2223 ct
1295 2163 1378 2241 quasi
1402 2164 1443 2223 le·

150 2266 226 2326 ruina
253 2265 398 2341 loquatur.
444 2281 514 2338 ergo
540 2263 654 2323 nubens
677 2283 792 2341 otioque
816 2265 934 2343 proprie
954 2265 990 2324 de
1013 2265 1119 2324 lomina
1142 2264 1264 2338 dieitur;
1286 2264 1343 2323 nisi
1365 2263 1442 2341 quud

151 2384 309 2444 possumus
337 2368 459 2442 ligurate
488 2364 658 2425 masculinis
686 2384 804 2443 otioque
832 2365 989 2444 generibus
1013 2366 1078 2426 talia
1108 2365 1280 2443 adiungere,
1304 2365 1327 2424 si
1348 2365 1442 2425 dicam

117 2473 299 2545 w‘maguus
319 2475 363 2525 est
385 2465 460 2540 ignis
484 2466 598 2527 nubens
616 2465 716 2540 milii’,
739 2468 814 2544 ignis
839 2486 893 2545 pro
916 2476 1010 2528 amata
1030 2465 1140 2527 dicens
1186 2467 1276 2528 Cuius
1293 2474 1340 2527 est
1355 2485 1442 2527 casus
1459 2478 1494 2530 6³
1531 2520 1534 2524 Α

151 2567 275 2629 intenti?
300 2567 489 2642 Nominativi3
512 2568 587 2628 idem
605 2577 701 2627 tamen
722 2577 766 2627 est
786 2576 816 2626 et
836 2568 991 2629 vocativus.
1025 2567 1113 2628 Cuius
1135 2577 1181 2627 est
1202 2565 1445 2645 significationis?

153 2672 214 2732 lloc
237 2670 362 2749 primum
389 2668 479 2728 debes
506 2669 597 2741 scire,
627 2669 703 2746 quod
726 2669 900 2745 significatio
923 2670 1143 2751 participiorum
1168 2679 1225 2730 tam
1249 2689 1264 2728 a
1287 2669 1444 2746 generibus

153 2771 306 2832 verberum
327 2789 413 2847 quam
437 2790 453 2830 a
475 2771 577 2831 lermis
599 2771 733 2831 sumitur.
779 2789 848 2848 ergo
871 2790 887 2832 a
910 2771 1038 2850 quinque
1060 2772 1234 2850 genetibus,
1257 2770 1287 2831 id
1309 2779 1354 2830 est
1374 2771 1446 2831 acti·

153 2874 195 2933 vis
219 2874 331 2933 neutris
353 2872 476 2952 passivis
501 2872 706 2932 communibus
734 2872 967 2951 deponentibus,
997 2873 1117 2933 totidem
1146 2881 1307 2933 nascuntur
1328 2857 1444 2951 species

116 2975 389 3055 eapiartieipiorum3
418 2985 444 3032 et
468 2993 483 3033 a
504 2973 603 3033 turmis
628 2982 779 3050 quattuor,
808 2973 836 3033 id
867 2983 912 3034 est
933 2976 1061 3054 perlecta
1089 2975 1252 3035 meditativa
1274 2972 1445 3056 inchoaltiva

153 3060 380 3152 frequentativa,
410 3074 529 3135 totidem
557 3076 667 3135 lormae
695 3076 914 3154 participiorum
942 3077 1088 3136 dicuntur.
1133 3077 1223 3137 Cuius
1248 3085 1293 3136 est
1315 3075 1496 3154 speciei‘loe

153 3177 297 3238 Passivae.
343 3176 479 3237 Nascitur
505 3177 582 3236 enirn
610 3176 646 3236 ab
671 3176 806 3236 intendnr
835 3178 922 3239 verbo
945 3179 1071 3257 passivo.
1117 3177 1206 3238 Cuius
1240 3186 1286 3238 est
1310 3175 1447 3239 formae?

154 3279 242 3350 Eius,
271 3278 353 3337 cuius
376 3285 422 3336 est
452 3277 570 3337 verbum
594 3296 628 3336 en
651 3297 709 3355 quo
740 3279 885 3352 nascitur,
908 3279 936 3338 id
965 3287 1011 3339 est
1036 3281 1193 3359 perlectae.
1239 3279 1338 3338 l'otest
1362 3278 1446 3338 aliam

155 3382 276 3442 lornimu
296 3379 405 3440 habere
426 3379 483 3438 leuc
504 3377 646 3439 verbum?
679 3380 779 3439 Potest
800 3381 1055 3457 frequentativam,
1077 3382 1206 3440 intentor
1227 3363 1390 3465 intentoris,
1413 3400 1447 3440 ex

120 3498 212 3559 eoqiro
235 3481 419 3560 participium
442 3462 611 3540 intentatus
647 3481 736 3542 Cuius
759 3489 804 3540 est
827 3480 988 3561 temporis?
1010 3483 1169 3542 Praeteriti.
1209 3482 1299 3542 Cuius
1317 3479 1448 3559 figurae?

156 3583 352 3661 Compositae.
397 3582 440 3641 Ex
462 3580 588 3657 quibus?
610 3582 653 3642 Ex
670 3582 786 3643 duobus
809 3581 939 3659 integris.
985 3591 1015 3643 et
1038 3584 1207 3662 sciendum,
1227 3584 1304 3662 quod
1324 3583 1448 3663 simplex

155 3683 218 3744 eius
246 3684 276 3743 in
309 3702 362 3743 usu
388 3691 445 3743 tom
466 3692 587 3762 pertus
614 3701 701 3760 quam
725 3702 778 3763 per
800 3704 851 3745 sus
873 3685 1034 3759 invenitur,
1056 3693 1154 3745 tentus
1177 3695 1206 3746 et
1228 3694 1346 3746 tensus:
1376 3685 1449 3746 Lu·

156 3804 268 3845 canus
287 3785 316 3844 in
340 3785 504 3849 secundo*

308 3894 342 3945 et
363 3888 485 3947 varias
507 3887 606 3964 ignis
630 3896 737 3947 tenso
760 3888 862 3948 dedit
883 3907 967 3948 aere
989 3890 1137 3949 termas.

123 4008 146 4047 aa
160 3997 256 4048 tentus
280 3997 375 4048 tariten
399 3990 485 4049 etiam
506 4009 521 4048 a
546 3998 648 4049 teneor
670 3990 710 4048 dt.
748 3997 846 4067 potest
867 3999 964 4050 tamen
985 3991 1070 4049 etiam
1092 4009 1198 4050 ticinen
1220 4010 1287 4051 esse
1308 3991 1448 4059 intentus,

156 4089 234 4150 unde
262 4085 401 4150 intentior
429 4090 651 4151 intentissimus
698 4090 854 4150 tentorium
883 4108 1000 4169 quoque
1023 4092 1092 4151 hinc
1119 4093 1268 4152 (leniretur
1289 4099 1318 4151 et
1338 4090 1448 4167 tentigo

157 4200 186 4251 et
208 4203 300 4251 tenor.

225 4412 241 4462 6
259 4413 336 4462 Cuius
349 4414 465 4461 numeri?
484 4413 591 4461 Plumlis
605 4428 650 4464 oiri.
668 4412 732 4462 CGS
804 4416 834 4463 ll
854 4427 927 4462 nemo
941 4428 1003 4478 ergo
1021 4414 1081 4463 dicit
1094 4413 1156 4462 baec
1169 4413 1271 4462 lutucns
1285 4413 1332 4462 uisi
1344 4413 1451 4477 figurate

157 4483 181 4530 in
202 4497 251 4544 quc
270 4483 312 4531 CG
367 4482 397 4531 16
416 4484 440 4530 in
459 4479 520 4546 qino]
542 4482 647 4545 quous
706 4482 735 4530 ll
755 4483 916 4532 inl'emiuino
934 4483 1039 4534 nunCG
1095 4484 1125 4532 18
1141 4484 1189 4532 uisi
1206 4483 1273 4545 quod
1290 4484 1313 4530 iu
1334 4483 1452 4531 huiusce·

157 4551 224 4598 modi
251 4566 352 4614 quoque
376 4567 514 4615 possumus
540 4552 647 4616 llgmnte
668 4553 815 4600 masculinis
836 4568 935 4616 qiteque
954 4553 1090 4618 generibus
1108 4552 1190 4601 voltur
1207 4551 1384 4618 adinngflreS

157 4619 191 4670 ad
208 4622 326 4669 dicuntur
346 4621 366 4669 S
384 4622 424 4668 die
443 4622 520 4686 igitur
540 4623 560 4671 0
577 4622 617 4669 dic
636 4638 697 4686 crgo
716 4623 737 4671 G
831 4622 864 4671 33
883 4623 998 4671 lucanam
1012 4623 1130 4678 indicavi,
1147 4640 1196 4686 qua
1211 4623 1309 4672 lncani
1327 4637 1416 4671 cer-vua
1431 4622 1451 4670 ll

156 4689 207 4747 o,3
225 4690 357 4751 tensisque
372 4689 520 4739 rudentibus
539 4701 609 4738 actae
627 4693 724 4741 cecidit
751 4709 820 4756 quem
839 4707 935 4740 cerame
947 4708 998 4741 unc
1009 4707 1061 4742 curn
1073 4691 1127 4753 lton,
1142 4695 1185 4755 qui
1199 4701 1238 4740 est
1255 4695 1280 4740 in
1296 4696 1376 4754 priato
1388 4691 1454 4741 libro

155 4776 179 4808 n.
191 4759 252 4822 531,
271 4763 354 4821 posuit
374 4759 522 4810 Priscianus
537 4775 564 4822 p.
580 4763 640 4811 sua.
711 4760 744 4810 at
769 4768 794 4810 et
821 4762 892 4810 uaria
912 4761 982 4827 signi
999 4761 1134 4812 Grunnius
1151 4772 1224 4812 tenso
1242 4777 1300 4811 aere
1320 4757 1455 4811 lormuS

227 4828 260 4880 35
279 4836 364 4878 tentus
383 4854 417 4864 —
435 4828 468 4880 37
482 4837 555 4879 tenor
573 4828 653 4880 om.S
