3352 5490
722 339 934 405 PRAEFATIO
1418 344 1481 407 399

178 532 243 589 sine
274 532 376 602 aquis:
406 524 429 588 f.
451 529 608 590 es-to*
631 525 793 590 Prisciani
816 527 857 590 de
879 527 994 611 figuris
1017 527 1482 610 nurnerorurnlibrum,1²ris·

179 636 287 691 cianus
311 634 528 704 promereamus
545 632 716 707 symmacho
735 664 777 674 ·-
797 635 996 706 scenopeiam
1017 644 1045 691 ei
1070 637 1197 693 similia:
1228 630 1253 692 I.
1273 630 1332 693 to*
1344 670 1386 679 -
1404 631 1483 695 10⁰*

179 733 333 791 Prisciani
350 750 381 806 p.
401 734 579 807 partitiones
599 733 667 791 XII
690 750 768 791 izers.
789 736 907 793 aeireid.
922 737 1156 810 principalium,
1185 737 1279 795 ,trena
1295 770 1332 779 -
1349 736 1481 809 sacieris.
1517 799 1523 808 ,

178 836 328 908 prisciani
355 837 548 907 prammutiei
575 852 668 909 saper
695 834 767 894 I'II
786 838 902 911 primos
931 854 1037 896 uersas
1069 839 1186 896 aeneid.
1213 840 1306 912 empti.
1336 845 1482 899 tractatas

177 938 388 1013 piririiiionunr:
417 930 441 995 f.
470 931 664 995 loo*-1os
686 932 806 996 librum
829 932 870 996 de
891 933 1137 1019 orthographia,
1161 940 1265 1014 incipit
1285 940 1481 1016 oriopraphia

182 1041 275 1099 bedese
291 1038 467 1121 presbyteri.
501 1039 528 1094 Α
546 1040 647 1097 littero
667 1040 756 1097 etitem
776 1046 845 1098 troia
870 1073 907 1082 -
930 1042 1058 1099 oratoris
1083 1058 1178 1099 sermo
1197 1044 1345 1115 peruenit.
1389 1037 1480 1102 Pari·

182 1140 273 1200 sinus
300 1136 405 1200 codex
434 1136 469 1198 in
498 1134 560 1198 hac
587 1156 716 1220 quoquc
745 1147 837 1221 parte
859 1160 923 1200 non
953 1137 1056 1201 solum
1080 1160 1123 1200 ex
1144 1137 1229 1202 bono
1251 1138 1341 1203 fonte
1363 1138 1480 1204 duetus

183 1239 241 1303 scd
261 1239 360 1302 etiarn
381 1246 534 1301 accurato
555 1238 695 1321 scriptus
716 1246 780 1317 est,
810 1260 1006 1324 quamquam
1032 1238 1146 1320 habet,
1175 1261 1260 1325 quae
1282 1239 1334 1305 vel
1359 1250 1482 1306 temere

183 1340 297 1403 addita
318 1338 371 1403 vel
393 1338 672 1424 interpretationis
694 1359 793 1401 causa
819 1339 986 1424 adscripta
1015 1349 1046 1403 et
1073 1341 1106 1403 in
1134 1342 1380 1405 continuitatem
1409 1365 1480 1408 ver·

184 1442 297 1505 borum
323 1438 428 1503 inlata
454 1460 526 1502 esse
548 1440 716 1524 adpareat.
760 1440 912 1504 adhunc
934 1439 1124 1527 plerumque
1147 1442 1274 1506 accedit
1296 1443 1481 1528 Gudianus,

183 1543 239 1628 qui
262 1543 332 1628 ipsc
354 1563 482 1626 quoquc
504 1541 586 1604 satis
605 1551 756 1605 accurate
780 1545 921 1629 scriptus
942 1551 1008 1625 est,
1037 1545 1094 1607 sed
1118 1544 1152 1607 in
1176 1544 1342 1608 coartavi
1365 1568 1480 1611 versus

183 1638 315 1729 partitio
337 1651 411 1729 post
434 1663 554 1706 nonum
575 1644 774 1727 transposita
795 1654 860 1725 est,
883 1645 917 1706 in
938 1645 1034 1731 primi
1050 1654 1158 1709 autern
1174 1667 1290 1711 versus
1306 1649 1481 1733 partitione

184 1753 338 1830 quattuor
367 1743 509 1836 schedae
531 1754 605 1828 post
627 1745 650 1806 f.
676 1750 711 1807 71
744 1749 919 1831 perierunt.
963 1746 1137 1810 Leidensis
1164 1756 1272 1811 autem
1302 1748 1405 1813 codex
1434 1750 1482 1812 in-

185 1846 365 1932 aequaliter
382 1846 521 1931 scriptus
537 1855 595 1909 cst.
632 1868 706 1908 nani
728 1848 804 1911 inde
826 1847 869 1910 ab
892 1857 1008 1912 octavo
1025 1870 1123 1913 versu
1138 1870 1209 1911 carri
1225 1848 1296 1912 fere
1311 1851 1483 1932 rationem,

185 1950 319 2034 quaein
335 1948 486 2011 Parisino
509 1945 593 2011 libro
615 1955 679 2027 cst,
702 1950 865 2033 sequitur,
886 1948 920 2012 in
941 1950 1050 2033 priore
1072 1959 1164 2035 parte
1185 1970 1263 2013 vero
1285 1971 1358 2014 cum
1380 1950 1484 2015 multa

185 2051 281 2113 aliter
301 2049 422 2135 scripta
435 2057 521 2129 srrnt,
539 2057 608 2111 tum
624 2049 754 2133 saepius
768 2050 939 2135 quaedam,
963 2073 1047 2136 qnae
1061 2051 1116 2114 ille
1133 2050 1242 2133 habet,
1260 2053 1381 2115 omissa
1395 2060 1482 2116 sunt.

187 2153 219 2213 in
243 2150 457 2237 quibuscum
479 2149 636 2236 conplura
656 2153 733 2232 sint,
756 2173 840 2236 quae
862 2161 975 2238 postea
999 2152 1113 2215 addita
1133 2174 1205 2214 esse
1226 2153 1396 2238 adpareat,
1417 2152 1484 2217 alia

187 2264 310 2333 tarnen,
340 2251 380 2315 dc
401 2273 540 2337 quorum
558 2253 753 2338 antiquitate
781 2253 925 2316 dubitari
948 2254 1076 2338 nequit,
1108 2254 1141 2316 in
1163 2251 1224 2315 hoc
1247 2251 1331 2317 libro
1353 2253 1482 2319 desunt.

187 2377 250 2417 non
281 2351 371 2416 nulla
397 2375 475 2417 vero
505 2353 618 2434 ctiam,
651 2375 735 2437 quae
760 2353 793 2414 in
815 2354 965 2418 Parisino
986 2364 1018 2416 ot
1041 2353 1194 2417 Gudiano
1216 2364 1370 2442 corrupta
1396 2364 1482 2437 sunt,

187 2465 274 2518 recte
297 2455 419 2541 scripta
438 2456 599 2537 servavit,
622 2466 658 2518 ut
679 2455 797 2518 librum
821 2476 863 2517 cx
884 2453 969 2519 bono
991 2455 1122 2541 quidem
1142 2455 1230 2519 fonte
1252 2455 1400 2537 ductum,
1424 2454 1484 2520 sed

188 2556 326 2621 eundem
360 2564 392 2618 et
427 2553 636 2640 neglegentia
672 2556 798 2621 librarii
836 2566 869 2620 et
900 2555 1151 2642 interpolatione
1187 2565 1373 2642 corruptum
1410 2578 1484 2622 esso

188 2678 378 2742 cognoscas.
423 2665 539 2744 postea
568 2657 635 2720 alia
661 2680 775 2741 rnanu,
805 2680 890 2744 quac
916 2657 994 2721 inihi
1017 2679 1081 2720 non
1105 2657 1205 2721 nnrlto
1227 2659 1388 2722 recentior
1410 2680 1484 2723 esse
1539 2685 1543 2690 ·

188 2759 378 2840 videbatur,
412 2781 509 2845 quam
532 2779 676 2844 eaquae
698 2760 805 2844 ipsum
825 2759 945 2823 librum
968 2760 1115 2845 scripsit,
1142 2758 1244 2822 multa
1266 2757 1374 2823 deleta
1394 2769 1428 2823 et
1449 2762 1484 2825 ia

189 2862 336 2945 margine
359 2868 484 2935 mutata
509 2870 595 2924 sunt.
631 2861 712 2924 haec
731 2882 747 2923 s
767 2860 877 2925 littera
899 2860 1053 2925 indicavi.
1091 2862 1224 2924 omnino
1242 2869 1353 2925 autem
1375 2861 1483 2927 minus

190 2964 365 3047 diligenter
392 2963 462 3024 eius
484 2960 560 3025 libri
583 2963 745 3048 scriptura
767 2963 912 3026 indicata
927 2970 991 3041 est,
1009 2984 1106 3048 qnam
1121 2962 1264 3026 Parisini
1280 2970 1313 3026 et
1328 2961 1484 3044 Gudiani,

188 3087 268 3151 quos
291 3063 495 3150 potissimum
518 3077 648 3126 secutus
669 3087 751 3127 suar.
789 3086 983 3151 quamquam
1005 3086 1047 3128 ne
1070 3065 1180 3128 dehis
1203 3065 1334 3151 quidem
1358 3087 1486 3129 omnem

188 3167 394 3230 lIbrariorum
415 3165 655 3250 neglegentiam
675 3174 707 3229 ct
728 3167 888 3252 quidquid
910 3168 944 3230 in
965 3164 1134 3230 levissima
1155 3188 1284 3253 quaque
1306 3189 1341 3232 re
1365 3166 1485 3232 discre-

189 3277 304 3355 parent
326 3267 485 3331 adnotare
507 3266 605 3330 volui.
643 3268 914 3352 interrogationes
933 3276 965 3332 ct
979 3268 1222 3356 responsiones,
1244 3291 1328 3355 quae
1343 3270 1378 3332 iu
1392 3265 1486 3332 libris
1584 3256 1591 3267 ¹

191 3369 289 3453 vulgo
317 3368 510 3455 antepositis
532 3375 566 3432 Δ
585 3378 618 3432 ct
639 3372 682 3432 M
700 3368 835 3454 litteris,
867 3369 927 3434 hoc
956 3379 1007 3435 est
1033 3363 1236 3444 διδάσκαλος
1262 3383 1295 3433 et
1321 3363 1486 3454 μαθητής,

191 3472 354 3534 indicatae
383 3479 472 3551 sunt,
501 3470 680 3534 maioribus
709 3473 827 3535 litteris
855 3471 1042 3558 significare
1070 3472 1204 3560 placuit.
1248 3482 1391 3537 ceterum
1420 3492 1486 3537 non

191 3572 325 3635 difficile
354 3580 425 3635 crat
452 3572 669 3658 posteriorum
699 3575 984 3657 grammaticorum
1010 3574 1234 3639 additamenta
1263 3578 1296 3641 in
1320 3575 1380 3639 hoc
1401 3573 1486 3638 libro

190 3674 400 3758 investigare.
437 3672 664 3758 sedquoniam
683 3696 788 3760 neque
809 3678 917 3740 onmia
938 3698 1022 3762 quae
1042 3686 1156 3761 postea
1170 3677 1282 3741 addita
1298 3685 1374 3741 sunt
1388 3678 1487 3741 certis

192 3776 374 3839 rationibus
396 3776 527 3860 assequi
551 3798 657 3861 nequo
679 3778 850 3862 pristinam
875 3777 951 3841 libri
974 3777 1112 3841 formam
1139 3800 1214 3842 eum
1236 3780 1346 3865 aliqua
1370 3778 1487 3865 proba·

192 3877 317 3941 bilitate
338 3899 533 3960 recuperare
554 3876 687 3959 licebat,
722 3900 826 3965 pauca
847 3878 1033 3961 dumtaxat,
1064 3902 1148 3965 quae
1170 3880 1343 3944 manifesto
1366 3901 1487 3944 nexum

191 3979 426 4042 sententiarum
449 3979 699 4065 perturbabant,
723 3992 787 4043 tarn
810 4001 907 4066 quam
927 3982 1038 4066 spuria
1060 3982 1182 4046 notavi.

275 4078 379 4144 Multo
408 4081 660 4144 constantiorem
690 4084 786 4145 huius
814 4080 889 4146 libri
918 4083 1071 4166 ferinam,
1102 4105 1197 4169 quam
1221 4082 1312 4145 iliam
1337 4081 1487 4146 codicum

193 4203 290 4244 manu
305 4183 500 4269 scriptorum
516 4184 717 4265 varietatem,
730 4183 818 4247 edita
833 4183 1035 4271 exenrploria
1049 4183 1256 4270 exhibent).
1291 4206 1365 4247 nam
1381 4182 1504 4270 qualis·

258 4387 284 4453 Ψ)
302 4391 344 4439 De
363 4390 462 4440 studiis
479 4389 613 4440 Italorum
632 4390 659 4438 in
678 4388 729 4440 hoc
747 4389 832 4454 libro,
853 4397 1002 4456 antequam
1020 4391 1093 4456 typis
1111 4389 1333 4442 exscriberentur
1350 4390 1488 4458 exempla·

193 4476 249 4537 ria,
272 4474 426 4526 conlocatis
449 4491 502 4524 non
527 4476 662 4540 quaesivi.
698 4475 747 4524 sed
770 4475 894 4527 codicem
917 4476 982 4526 olim
1006 4491 1023 4526 a
1040 4476 1147 4541 Poggio
1171 4482 1200 4525 et
1217 4477 1364 4527 comitibus
1383 4477 1442 4527 cius
1459 4477 1489 4528 iu

107 4564 111 4571 '
193 4560 364 4609 bibliotheca
382 4559 560 4624 Sangallensi
584 4561 725 4609 inventum
748 4575 809 4609 osse
834 4565 955 4610 testatur
972 4560 1093 4610 Cencias
1111 4561 1249 4611 Romanus
1268 4562 1297 4611 in
1314 4562 1437 4626 epistula
1454 4578 1489 4613 ex

193 4645 260 4693 urbe
279 4644 446 4695 Constantia
465 4645 500 4694 od
510 4645 689 4694 Franciscnm
708 4643 741 4693 de
754 4644 846 4695 Pinna
863 4645 943 4706 data,
964 4661 1044 4709 qnam
1058 4662 1091 4694 ex
1104 4646 1390 4710 codiceBorgomensi
1403 4646 1490 4699 edidit

194 4729 342 4789 anrInIns
362 4731 390 4777 in
409 4728 529 4778 diatribe
548 4729 758 4792 praeliminaria
782 4729 816 4778 ad
835 4729 981 4779 Francisei
998 4730 1118 4780 Barbari
1141 4729 1276 4794 epistulas
1298 4746 1324 4795 p.
1345 4731 1412 4781 VIII
1429 4748 1489 4799 sqq.

194 4827 275 4877 quam
293 4814 481 4862 narrationem
499 4815 629 4878 quoniam
647 4814 735 4864 minus
752 4820 849 4864 notam
866 4813 1030 4879 essevideo,
1049 4829 1085 4864 as
1097 4830 1167 4880 qnae
1179 4814 1233 4864 hue
1245 4817 1387 4880 portinent
1399 4822 1489 4869 trans
1543 4862 1549 4869 .
