3352 5490
552 360 600 420 ΒΕ
624 359 856 421 xtlcENTths
879 358 1000 419 ttuuu.
1027 370 1136 423 ts-ra
1423 357 1485 419 523

245 488 265 525 ῃ.
283 475 338 514 nat.
353 476 379 515 et
390 476 413 515 r.
1271 475 1389 527 ponit-71
1408 475 1434 514 κ,

194 553 310 605 rertuut
334 556 362 605 et
385 548 571 629 corripientia
591 556 677 619 sunt,
700 555 732 605 ut
754 546 842 606 carbo
865 545 1017 617 corbonis,
1041 544 1120 605 bubo
1143 547 1285 616 bubonis,
1304 545 1397 622 caligo
1417 544 1486 605 cali·

193 648 285 723 gieio,
309 648 432 708 altitudo
461 649 630 710 altitudinis.
676 648 684 708 i
712 647 899 707 terminatum
923 666 1012 710 unum
1033 647 1179 707 invenitur
1201 646 1380 724 trisyllabum
1403 646 1484 707 incle-
1502 649 1537 701 20

194 748 343 817 elinabile,
374 750 451 827 quod
473 751 502 809 in
525 749 703 830 paenultimo
726 748 887 821 breviatur,
919 757 950 808 ut
974 749 1021 808 bie
1050 757 1078 808 et
1105 748 1177 807 baec
1201 756 1229 807 et
1253 748 1309 808 boe
1332 747 1422 807 nibili.
1469 767 1487 808 u

194 850 288 910 littura
315 852 500 911 terminatum
523 870 613 911 unum
635 851 781 930 reperitur
803 850 983 928 aptotunriu
1007 849 1161 927 singulari,
1187 850 1215 909 in
1234 848 1337 928 plurali
1359 848 1488 909 deelina-

171 959 258 1024 stur,
282 952 359 1028 quocl
385 952 413 1011 iu
436 953 616 1031 paenultima
638 951 791 1028 liquescit,
816 960 847 1011 ut
870 951 989 1010 tonitru.

277 1053 310 1111 ill
334 1052 442 1131 syllaba
468 1054 562 1123 imita,
586 1054 610 1113 si
629 1053 688 1112 sint
707 1053 894 1132 appellativa,
910 1053 938 1112 in
958 1050 1136 1131 paenultima
1153 1051 1340 1131 proclueentla
1358 1061 1435 1125 suut,
1456 1062 1488 1114 ut

195 1153 315 1230 vectigal
346 1154 511 1232 vectigalis,
539 1154 666 1214 tribunal
695 1153 863 1213 tribunalis:
901 1153 1042 1233 excipitur
1067 1152 1189 1222 animal,
1220 1154 1295 1230 quod
1321 1154 1484 1232 corripitur.

194 1253 317 1314 barbara
341 1265 437 1316 auteur
457 1256 574 1335 propria
593 1254 775 1327 breviantur,
800 1264 831 1313 ut
849 1254 993 1314 llannibal
1015 1253 1202 1326 llaunibaliS,
1226 1254 1390 1316 llasdrubal
1413 1256 1487 1314 llas·

194 1355 332 1416 clrubalis.
365 1376 439 1434 quae
453 1357 550 1417 omnia
568 1358 595 1417 in
617 1357 743 1433 obliquis
765 1355 883 1415 casibus
905 1376 920 1414 a
938 1355 1108 1434 productam
1133 1356 1161 1414 in
1180 1364 1299 1428 neutro,
1320 1357 1349 1415 in
1370 1376 1487 1417 maseu-

161 1456 255 1517 utino
277 1458 392 1518 brereru
412 1459 530 1519 habent.
555 1459 575 1539 il
596 1457 705 1537 syllaba
723 1458 877 1517 terminata
900 1457 1097 1536 corripiuntur
1118 1457 1147 1516 in
1170 1458 1365 1534 paenultimo,
1385 1468 1417 1517 ut
1437 1458 1485 1519 bie
1502 1462 1534 1512 21

193 1559 260 1635 vigil
278 1560 364 1620 buius
383 1559 491 1637 vigilis,
513 1561 589 1640 quod
613 1559 726 1619 videtur
749 1578 801 1637 per
824 1577 982 1637 syncopam
1006 1558 1137 1639 prolerri.
1152 1566 1181 1617 et
1200 1558 1229 1617 iu
1252 1557 1378 1635 obliquis
1397 1578 1487 1638 paen·

196 1660 326 1720 ultimam
342 1661 470 1740 corripit.
495 1662 522 1720 ol
542 1661 649 1739 syllaba
667 1660 851 1721 terminatum
871 1659 1017 1719 inuenitur
1035 1679 1141 1734 unum,
1164 1659 1242 1737 quotl
1263 1659 1292 1719 in
1308 1659 1487 1739 paenultimo

195 1762 366 1840 corripitur,
391 1773 421 1822 ut
441 1763 488 1821 bie
508 1761 610 1822 lleliol.
657 1763 685 1821 ul
709 1761 818 1840 syllaba
841 1761 1026 1822 terminatum
1048 1779 1139 1821 unum
1159 1761 1310 1840 proprium
1332 1761 1486 1840 reperitur,

194 1863 271 1938 quocl
288 1863 450 1933 breriutur,
473 1871 504 1922 ut
526 1863 574 1922 bie
592 1863 706 1936 lleriul,
727 1862 804 1941 quotl
829 1861 984 1922 barbarum
1006 1871 1060 1922 est.
1105 1882 1155 1921 uni
1177 1863 1331 1923 terminata
1353 1863 1486 1923 breriau·
1504 1876 1537 1925 22

164 1972 256 2036 ntur,
286 1972 316 2024 ut
342 1965 540 2043 Soplnonium
562 1961 575 2046 ll
595 1965 786 2025 Alrrotonium
811 1956 985 2023 l‘bilorriurn
1012 1963 1159 2024 borcium.
1206 1984 1241 2023 en
1265 1963 1374 2042 syllaba
1396 1964 1487 2035 linita,

195 2067 220 2127 si
244 2068 302 2126 sint
325 2085 341 2125 a
364 2065 458 2144 prima
479 2067 684 2144 coniugatione
704 2068 708 2141 l
728 2066 770 2125 rel
792 2085 807 2125 a
829 2073 942 2143 quarta,
965 2065 1155 2144 producentia
1178 2073 1263 2137 sunt,
1287 2073 1317 2125 ut
1340 2065 1420 2125 solor
1440 2085 1488 2126 so-

194 2166 289 2228 lamen
313 2167 477 2239 solaminis,
500 2168 599 2228 munio
618 2168 785 2240 munimen,
806 2167 895 2227 larcio
915 2166 1071 2240 lacrimem
1093 2166 1116 2226 si
1139 2186 1155 2225 a
1179 2166 1307 2227 secunda
1330 2165 1371 2225 rel
1392 2186 1407 2226 a
1431 2174 1488 2226 ter·

195 2271 248 2342 tia,
268 2270 482 2347 corripiuntur,
501 2279 533 2329 ut
551 2270 640 2330 secleo
663 2271 812 2341 seclinreu,
836 2287 906 2345 rego
925 2269 1064 2345 regimen.
1111 2268 1278 2346 praeposita
1297 2268 1397 2346 itaque
1419 2286 1488 2327 eou-

194 2379 317 2433 souaute
340 2392 356 2431 c.
376 2368 558 2448 corripienda
579 2379 661 2444 sunt,
685 2378 715 2430 ut
734 2370 831 2429 liticen
850 2369 970 2429 lidicen:
995 2369 1137 2448 excipitur
1158 2370 1279 2442 tibicen,
1298 2369 1376 2447 quocl
1392 2368 1488 2430 solum

160 2474 380 2554 roprotlucitur,
405 2483 435 2532 ut
456 2472 663 2552 praediximus,

277 2579 317 2635 Ar
338 2573 446 2653 syllaba
476 2573 629 2634 terminata
650 2573 854 2653 producuntur
876 2572 911 2632 acl
935 2573 1028 2632 instar
1049 2591 1138 2652 supra
1159 2572 1303 2632 dictorum
1325 2572 1487 2645 nominum,
1504 2583 1538 2635 2³

194 2687 227 2738 ut
246 2676 375 2736 torcular
396 2675 515 2735 lacunar
532 2674 680 2755 puluinar:
702 2682 820 2734 notatur
836 2673 969 2752 laquear,
993 2673 1072 2751 quud
1088 2674 1242 2735 breviatur.
1289 2682 1319 2734 et
1339 2674 1435 2734 onmia
1459 2674 1488 2733 in

98 2837 106 2844 ,
195 2778 320 2854 obliquis
343 2777 460 2838 casibus
483 2777 700 2855 proilncuutur,
730 2786 761 2836 ut
784 2775 937 2836 torcularis
964 2775 1110 2836 lacunaris
1131 2774 1307 2850 pulrinaris:
1347 2775 1489 2854 excipitur

195 2880 293 2952 iubar,
319 2879 396 2957 quotl
426 2878 574 2938 breviatur
602 2887 676 2938 teste
699 2877 871 2955 Virgilio,
902 2885 933 2936 ut
959 2875 1110 2936 ‘iubare
1133 2880 1292 2950 exorto',
1320 2886 1348 2936 et
1372 2877 1489 2955 propria

160 2981 330 3053 nonomine,
351 2990 382 3040 ut
403 2983 474 3040 brar
495 2988 524 3039 et
547 2982 654 3040 Caesar
677 2988 706 3038 ct
728 2979 842 3038 bostar.
888 2998 921 3038 er
943 2977 1051 3056 syllaba
1071 2979 1167 3050 bnita,
1192 2978 1216 3037 si
1239 2978 1297 3037 siut
1320 2976 1415 3037 neutri
1439 2996 1490 3053 ge·

192 3084 289 3155 berb,
319 3084 347 3142 in
376 3081 555 3162 paerrultimo
584 3066 770 3160 producenda
802 3089 884 3147 sunt,
914 3089 946 3140 ut
967 3080 1024 3140 boe
1051 3081 1338 3158 eadare1·paparer;
1382 3078 1405 3138 si
1430 3077 1489 3137 sint

194 3185 356 3245 masculina
371 3192 421 3243 aut
437 3183 591 3253 feminina,
610 3183 822 3261 corripiuntur,
846 3183 901 3243 uisi
920 3182 976 3242 sint
994 3181 1138 3261 positione
1153 3180 1255 3257 longa,
1279 3189 1311 3242 ut
1328 3180 1376 3240 bie
1394 3180 1490 3239 alacer

195 3286 311 3346 roluccr
338 3285 486 3345 unnlioeer
516 3292 545 3343 et
572 3284 645 3345 baec
671 3284 782 3344 untlier.
822 3261 857 3343 ¹et
889 3284 962 3343 bace
990 3283 1086 3343 omnia
1115 3291 1144 3342 et
1170 3281 1273 3342 similia
1303 3282 1333 3341 iu
1362 3280 1489 3358 obliquis

195 3388 392 3466 corripiuntur
418 3395 539 3464 excepto
567 3387 614 3445 bie
634 3386 724 3445 iliber
751 3386 837 3445 liuius
860 3384 983 3445 lliberis.
1030 3392 1126 3444 cetera
1153 3393 1266 3458 autem,
1291 3393 1322 3444 ut
1340 3382 1489 3443 cadaveris

158 3518 185 3559 30
200 3489 350 3568 papnreris
366 3488 465 3547 lateris
487 3487 597 3547 tuberis
620 3488 714 3547 sileris
731 3488 849 3558 ciceris,
878 3486 1083 3565 corripiuntur.
1124 3485 1153 3544 in
1171 3485 1197 3546 ir
1212 3485 1319 3565 syllaba
1334 3484 1486 3545 terminata
1505 3494 1540 3544 ‘24

195 3591 378 3662 breriantur,
400 3597 431 3649 ut
453 3589 569 3649 semirir
591 3589 724 3648 duumvir
747 3589 891 3660 triumvir,
916 3596 943 3647 et
966 3586 1064 3646 omnia
1087 3587 1116 3647 iu
1136 3587 1262 3665 obliquis
1285 3585 1339 3647 sub
1361 3605 1421 3646 uno
1440 3604 1490 3644 ae·

196 3702 281 3752 centu
306 3689 479 3770 proferentia
503 3699 579 3749 snut.
618 3710 652 3750 or
676 3690 785 3768 syllaba
810 3691 961 3748 terminata
986 3688 1100 3749 ii'oeali
1123 3690 1290 3768 praeposita
1312 3688 1489 3759 breviantur,

195 3803 226 3854 ut
249 3793 352 3853 melior
372 3792 487 3853 cluctior
509 3793 638 3852 sanctior
660 3792 789 3863 brevior,
811 3802 838 3850 et
861 3792 933 3850 bace
955 3791 1050 3850 otuuia
1070 3790 1101 3862 in
1118 3791 1243 3868 obliquis
1267 3790 1489 3870 productionem

195 3896 250 3956 sibi
274 3895 443 3954 tlelcrnlnnt.
490 3895 606 3974 propria
629 3913 697 3953 nero
717 3894 833 3954 nomina
855 3893 1079 3972 productionem
1102 3891 1155 3951 sibi
1180 3892 1298 3951 rniuime
1318 3890 1489 3960 cleleuduut,

159 4023 185 4064 ³5
200 4005 230 4056 ut
245 3994 360 4076 Nelstor
378 3996 525 4068 NestoriS,
548 3994 658 4055 llector
678 3993 825 4055 Hectoris.
861 3994 1062 4073 proclucuntur
1083 4000 1179 4053 autem
1202 3991 1372 4071 appellativa
1396 3989 1490 4069 plera·

195 4117 251 4177 (pue
273 4106 331 4158 tam
354 4097 506 4157 rrrnsrulini
528 4116 614 4175 «quatu
634 4096 764 4156 seminini
784 4096 917 4172 generis,
940 4094 1072 4173 quamvis
1096 4112 1153 4154 non
1178 4094 1303 4154 babeant
1324 4092 1333 4150 i
1355 4099 1422 4151 ante
1445 4109 1488 4163 or,

266 4284 297 4333 10
313 4284 353 4332 hic
373 4283 466 4348 lrebigil
488 4285 562 4333 buius
580 4282 699 4346 bebigilis
713 4283 740 4329 ΙΙ
756 4282 796 4330 hie
811 4283 886 4346 ebigil
907 4280 982 4330 buius
1001 4282 1102 4346 ebigilis
1122 4280 1144 4329 G
1162 4278 1210 4327 boe
1228 4279 1315 4343 bibigil
1332 4277 1391 4326 bilis
1405 4278 1489 4327 codex

195 4355 333 4404 Burmanni
352 4354 393 4401 bie
410 4367 433 4404 et
449 4356 510 4404 liaeo
529 4355 591 4417 uigil
608 4353 684 4402 buius
704 4353 822 4416 nigilisg
842 4351 905 4400 haee
923 4351 999 4417 erigii
1018 4351 1093 4399 buius
1112 4350 1213 4413 evigilis
1233 4349 1420 4398 Linrlemonnne

195 4427 227 4474 22
251 4424 359 4472 torcular
382 4424 659 4489 puluinar-excipitur
684 4423 756 4471 iubar
779 4432 803 4470 et
825 4422 906 4484 impar
931 4436 995 4484 qnne
1019 4421 1043 4468 in
1068 4420 1177 4480 obliquis
1198 4418 1343 4466 breuiautur
1363 4416 1384 4465 G
1454 4419 1487 4465 et

194 4491 313 4558 Virgilio}
341 4494 403 4540 Aen.
419 4494 461 4542 llll
481 4492 530 4543 tae
600 4501 688 4540 exorto
704 4528 710 4539 .
724 4501 747 4539 rt
767 4491 843 4544 idem.
864 4504 969 4538 numero
986 4489 1050 4538 (leus
1069 4491 1166 4554 impure
1185 4487 1279 4551 gaudet
1292 4489 1389 4550 (Verp.
1407 4486 1488 4535 bucol.

194 4563 219 4616 ⁸,
239 4566 284 4617 tsi
304 4573 327 4609 et
349 4564 450 4626 propriu
467 4577 483 4618 ς
536 4572 601 4611 et-
616 4563 648 4610 25
665 4562 754 4609 Rostar
773 4577 817 4609 orn.
830 4561 856 4608 II
925 4559 960 4608 29
976 4568 1081 4623 excepto
1095 4558 1156 4606 ltuee
1174 4559 1264 4606 mulier
1280 4555 1356 4605 buius
1375 4557 1459 4605 mulier
1467 4559 1488 4606 is
1504 4610 1513 4623 ἢ

195 4635 339 4695 Gexcepto
360 4631 450 4679 mulier
472 4644 498 4681 ut
517 4632 593 4680 buius
611 4632 724 4679 mulieris
744 4631 770 4678 I!
864 4628 898 4680 30
917 4630 1003 4678 lateris
1026 4629 1124 4678 codices
1143 4627 1284 4678 Burmanni
1306 4636 1331 4675 et
1355 4624 1490 4677 zttuettitaet

195 4703 286 4749 laceris
306 4701 357 4747 (ΙΙΙ
375 4701 464 4750 laseris
483 4717 500 4757 ς
581 4702 684 4750 tumoris
705 4701 799 4748 tuturis
819 4700 847 4746 II
932 4699 965 4749 35
983 4697 1092 4747 lieetoris
1107 4733 1113 4746 .
1128 4706 1152 4745 et
1170 4698 1272 4745 indecor
1290 4698 1362 4744 cuius
1379 4696 1487 4760 simplex

194 4770 333 4835 penultima
357 4780 472 4833 correpta
490 4771 619 4819 inuenitur
641 4770 710 4834 opud
731 4769 920 4819 uetustissimos
946 4767 1048 4832 qnando
1066 4782 1112 4832 pro
1132 4765 1240 4816 decorus
1258 4767 1351 4815 decora
1367 4765 1488 4815 decorum

193 4839 315 4902 accipitur
327 4874 335 4888 .
345 4838 519 4902 prodinuutur
539 4840 560 4887 G
