3352 5490
687 368 903 463 Paestano-
1405 381 1435 426 ,ιι

143 558 334 648 plerumque
360 555 522 642 neglexit:
556 576 598 620 ne
624 555 726 639 igitur
749 554 857 619 fraudi
880 565 966 619 esset
991 553 1168 619 lectoribus
1196 554 1277 619 haec
1295 552 1435 633 collatio,

142 665 186 726 iis
208 660 304 741 locis,
330 659 388 722 ubi
416 657 498 722 nihil
524 658 563 722 de
585 678 625 720 ea
647 664 803 720 testatum
823 665 907 736 erat,
936 655 1112 720 lectionem
1134 654 1365 738 Krchlianam‚
1392 657 1436 720 ad

141 783 242 847 quam
262 762 408 826 codicem
432 759 572 823 contulit
598 757 797 840 Presselius,
824 758 988 844 adscripsi
1017 757 1147 845 adiecta
1176 756 1272 821 litera
1294 757 1322 821 Ο
1341 760 1434 821 uncis

144 863 274 926 inclusa
290 861 369 947 (Ο),
390 882 454 945 quo
477 862 572 945 signo
595 859 785 945 saepissime
807 858 929 922 codicis
945 857 974 920 Ο
993 857 1187 922 lectionibus
1208 880 1273 922 non
1296 861 1435 923 enotatis

142 985 242 1026 unam
271 962 374 1026 solam
403 960 576 1026 lectionem
605 958 818 1023 Krehlianam
840 959 981 1023 indicari
1003 981 1076 1041 eos,
1108 959 1164 1045 qui
1186 959 1301 1023 barum
1326 982 1435 1024 rerum

141 1064 381 1150 quadamtenus
403 1064 501 1148 periti
523 1070 614 1142 sunt,
635 1084 703 1125 non
723 1061 838 1146 fugiet.
873 1059 930 1123 ubi
952 1060 1018 1123 alia
1038 1060 1197 1146 quaedam
1218 1061 1377 1126 dubitatio
1394 1062 1435 1125 de

142 1165 208 1227 lide
235 1163 421 1228 collationis
448 1162 717 1244 subnasceretur,
744 1163 872 1246 signum
901 1161 1165 1247 interrogationis
1190 1164 1342 1248 apposui:
1380 1162 1434 1226 0?

141 1275 318 1352 utrumque
340 1274 373 1328 et
393 1265 429 1328 in
451 1261 564 1328 codice
579 1263 615 1327 M
635 1263 713 1344 feci,
734 1265 790 1349 qui
807 1261 910 1326 multo
928 1261 1056 1351 plenius
1075 1269 1172 1348 atque
1190 1265 1376 1327 accuratius
1392 1262 1434 1327 ab

141 1365 264 1431 lleinio
291 1366 429 1430 collatus
457 1372 523 1445 est,
549 1372 583 1428 et
604 1366 639 1429 in
659 1361 828 1429 codicibus
848 1384 868 1426 a
889 1386 941 1427 me
967 1364 1112 1446 collatis,
1141 1363 1198 1428 ubi
1228 1362 1282 1427 vel
1305 1362 1435 1429 silentio

142 1490 216 1532 meo
237 1469 290 1531 vel
308 1466 475 1532 collationi
497 1487 589 1530 meae
612 1465 811 1547 diffiderem,
832 1465 919 1551 quod
941 1486 1074 1551 perraro
1098 1487 1177 1529 sanc
1201 1465 1332 1529 accidit.
1377 1466 1434 1530 sed

142 1570 171 1633 si
196 1570 231 1632 in
254 1571 444 1632 universum
467 1589 577 1633 errare
599 1568 777 1632 humanum
799 1575 865 1649 est,
888 1566 949 1631 hoe
966 1567 1110 1631 maxime
1132 1588 1210 1631 sane
1230 1568 1372 1653 pertinet
1393 1567 1436 1631 ad

142 1670 398 1733 minutissimum
425 1669 511 1733 hunc
541 1669 687 1734 laborem
704 1668 805 1734 libros
832 1691 910 1734 mss.
932 1669 1139 1751 conferendi,
1167 1669 1223 1733 ubi
1244 1691 1288 1732 ne
1309 1691 1436 1733 summa

141 1771 275 1856 quidem
296 1770 364 1834 fide
379 1781 476 1857 atque
499 1769 672 1856 diligentia
693 1779 787 1834 utens
808 1792 935 1835 errores
957 1769 1081 1855 aliquot
1110 1771 1225 1835 evites.
1269 1771 1304 1834 in
1324 1771 1436 1836 codice

142 1872 178 1935 M
200 1881 370 1959 praeterea
391 1874 570 1937 testimonii
592 1871 749 1935 Heiniani
771 1881 804 1937 et
819 1866 1030 1959 Spengeliani
1049 1871 1285 1956 discrepantias
1307 1881 1437 1959 praeter

143 1974 328 2038 levissimas
348 1976 507 2060 quasdam
526 1972 656 2038 reculas
679 1972 801 2060 ubique
819 1976 947 2056 notavi,
973 1973 1031 2038 ubi
1054 1994 1119 2037 non
1141 1975 1307 2059 expressis
1326 1975 1436 2040 verbis

142 2076 208 2139 riri
238 2074 481 2159 diligentissimi
517 2073 647 2139 collatio
689 2075 730 2138 ab
764 2074 884 2138 Heinio
924 2073 1099 2163 reprobata
1137 2082 1236 2159 atque
1264 2077 1437 2141 emendata

142 2186 242 2241 esset.
265 2174 324 2239 (tlt.
346 2187 379 2240 et
393 2176 434 2240 G.
458 2186 568 2253 notae,
589 2175 648 2239 ubi
668 2197 711 2240 ex
725 2175 821 2240 codd.
837 2177 1029 2262 praesertim
1045 2174 1078 2237 D
1095 2175 1171 2239 etN
1188 2186 1336 2240 enotatae
1351 2189 1456 2262 sunt,-

141 2280 208 2342 nisi
232 2275 322 2340 aliud
344 2276 424 2363 quid
446 2277 593 2342 additum
617 2286 683 2360 est,
704 2277 866 2358 indicant,
895 2275 955 2340 has
983 2277 1093 2341 literas
1116 2276 1149 2340 in
1170 2274 1265 2344 libris
1284 2276 1336 2342 bis
1357 2302 1436 2345 mss.

52 2430 58 2439 .
142 2377 295 2444 omnibns
328 2378 499 2442 vocabulis
525 2378 663 2443 Graecis
689 2378 731 2443 ad
763 2376 911 2464 singulos
938 2377 1026 2443 locos
1053 2377 1223 2464 usquead
1252 2382 1436 2465 proximum

141 2502 215 2545 voc.
238 2479 394 2543 Latinum
415 2479 654 2564 pertinentibus
684 2479 878 2544 substitutas
913 2501 995 2543 esse.
1023 2478 1178 2544 ‘Allrcdo
1208 2480 1436 2565 Fleckeiseno,

141 2583 200 2668 qui
222 2603 281 2666 per
302 2590 406 2646 totum
428 2581 597 2662 volumen,
620 2591 653 2647 ct
675 2582 826 2667 Augusto
849 2581 1016 2663 Nauckio,
1039 2582 1095 2668 qui
1109 2602 1169 2667 per
1188 2591 1335 2646 extrema
1356 2584 1437 2647 folia
1512 2582 1515 2587 ’

141 2685 203 2748 bas
224 2682 375 2769 plagulas
398 2704 523 2747 mecum
548 2682 749 2768 relegerunt,
776 2705 842 2748 non
864 2682 959 2747 modo
980 2692 1112 2768 propter
1139 2683 1222 2745 vitia
1244 2684 1433 2769 typothetae

142 2783 334 2866 emendata,
365 2783 425 2848 sed
458 2793 589 2871 propter
611 2783 798 2868 ingeniosas
825 2804 864 2849 ao
895 2783 1007 2849 doctas
1039 2782 1161 2869 aliquot
1192 2781 1437 2851 observationes
1456 2772 1470 2791 ⁶

141 2908 265 2951 meeum
287 2886 412 2971 gratias
435 2895 535 2971 agent
555 2885 704 2950 lectores.

228 2986 374 3052 Vixulla
388 2987 673 3072 grammaticorum
696 2986 886 3051 Latinorum
907 2984 1069 3072 particula
1083 2995 1207 3050 tantam
1223 2987 1435 3051 mutationem

141 3090 294 3154 subitura
323 3098 387 3169 est,
416 3095 572 3175 quantam
602 3087 703 3152 subiit
727 3087 916 3152 Priscianus
937 3089 1052 3153 minor.
1096 3096 1131 3151 at
1156 3089 1185 3152 is
1207 3110 1324 3152 novam
1351 3088 1436 3153 lianc

141 3201 269 3255 vestem
289 3190 397 3255 induit
416 3212 481 3254 non
499 3211 543 3252 ex
566 3188 704 3254 arbitrio
728 3177 868 3281 quodam
897 3212 958 3254 nec
980 3212 1024 3254 ex
1046 3190 1179 3254 licentia
1199 3200 1255 3253 aut
1274 3211 1317 3254 ex
1338 3210 1437 3254 caeca

140 3291 254 3377 aliqua
272 3291 451 3355 innovandi
473 3290 671 3377 cupiditate,
698 3290 757 3355 sed
779 3289 958 3355 secundum
983 3292 1279 3356 vetustissimorum
1304 3293 1437 3356 testium

142 3394 241 3456 fidem
264 3391 418 3478 religiose
441 3403 606 3457 servatam
633 3402 666 3457 et
693 3415 752 3478 pro
780 3392 907 3457 viribus
936 3394 978 3457 ad
1005 3394 1111 3478 ipsum
1133 3392 1194 3457 hoc
1215 3391 1437 3483 firmissimum

141 3493 393 3558 fundamentum
415 3493 632 3558 emendatam.
677 3492 765 3557 baud
792 3516 926 3581 prorsus
949 3495 1049 3580 igitur
1071 3494 1253 3579 indignum,
1277 3517 1351 3558 cum
1370 3515 1436 3560 me·

142 3597 242 3676 liora,
270 3616 353 3680 quae
375 3595 417 3658 ad
439 3594 526 3659 diem
547 3595 830 3681 exoptatissimum
863 3596 916 3681 pio
936 3590 1116 3683 libentique
1144 3598 1252 3661 animo
1275 3597 1435 3675 afferrem,

140 3719 209 3761 non
237 3704 367 3783 praesto
394 3705 521 3778 essent,
558 3696 619 3761 hoe
651 3697 804 3762 volumen
835 3705 904 3760 tum
940 3696 1202 3783 semiperfectum
1238 3698 1346 3762 visum
1377 3707 1436 3781 est,

140 3797 232 3884 quod
253 3799 325 3861 viro
349 3819 490 3880 summo,
514 3798 631 3863 Ioanni
659 3798 828 3880 Schnlzin,
857 3799 913 3884 qui
941 3790 1070 3881 *πατὴρ
1093 3789 1137 3874 ὥς
1157 3791 1270 3882 ἤπιος’
1299 3822 1351 3863 me
1372 3809 1437 3863 stu·

140 3901 264 3983 dinque
291 3920 364 3962 mea
391 3898 491 3981 fovit,
518 3900 661 3962 muneris
694 3900 826 3984 egregio
854 3901 978 3985 peracti
1009 3900 1095 3964 festa
1118 3900 1381 3965 semisaecularia
1405 3901 1436 3965 d.

140 3999 249 4065 XXX
269 4023 312 4063 m.
335 4000 480 4083 Augusti
501 3999 533 4062 b.
557 4022 585 4062 a.
603 4000 714 4086 agenti
737 4000 891 4064 dicarem.
938 4023 1025 4065 nrinc
1052 4024 1132 4066 vcro
1162 4024 1260 4088 opere
1287 4001 1436 4066 absoluto

139 4123 210 4167 non
224 4110 351 4165 tantum
367 4100 620 4185 gratulationem
643 4100 732 4164 illam
751 4102 869 4167 iterare
889 4101 979 4179 licet,
992 4089 1181 4167 'scd'etiam
1198 4103 1283 4167 votis
1299 4101 1437 4165 fervidis

138 4225 255 4267 senem
277 4203 522 4267 meritissimum
547 4210 579 4267 ct
603 4201 851 4266 dilectissimum
876 4203 909 4267 in
932 4202 1104 4268 honestum
1123 4202 1205 4269 illud
1229 4205 1329 4267 otium
1357 4211 1437 4266 tanr-

137 4326 243 4392 quam
265 4305 298 4367 in
331 4301 463 4389 aliquod
492 4304 620 4390 asylum
648 4305 819 4391 prosequi,
848 4303 937 4392 quod
964 4313 1038 4392 post
1058 4313 1107 4368 tot
1128 4313 1283 4391 tantaque
1306 4306 1439 4389 negotia

138 4426 285 4491 operosa
306 4405 348 4467 ad
368 4404 463 4486 boni,
481 4405 603 4491 pulcri,
625 4407 694 4470 reri
714 4428 773 4492 per
792 4408 932 4493 patriam
948 4414 1094 4471 nostram
1108 4407 1343 4470 incrementum
1364 4405 1438 4472 reli·

138 4507 238 4592 giose
255 4526 295 4568 ac
312 4504 461 4571 sollerter
482 4516 616 4594 peraeta
637 4509 707 4593 ipse
729 4507 793 4573 sibi
815 4506 924 4592 elegit.

231 4604 299 4671 Ser.
322 4606 489 4695 Gryphiae
511 4606 542 4671 d.
564 4607 684 4671 XVIII
706 4630 748 4672 m.
770 4608 853 4674 Dec.
876 4629 906 4672 a.
928 4607 1212 4674 MDOCOLVIII.

680 4831 894 4841 -——-——
