3352 5490
461 1332 487 1386 R
512 1328 609 1385 codex
632 1327 789 1386 Parisinus
809 1334 878 1388 7196

468 1433 495 1486 V
512 1429 611 1488 codex
633 1427 795 1487 Leidensis
817 1426 987 1484 Vossianus
1013 1433 1087 1487 128

461 1535 489 1588 P
510 1530 608 1589 codex
631 1529 788 1587 Parisinus
808 1535 879 1590 7530

463 1637 488 1689 A
511 1631 608 1689 codex
631 1629 789 1689 Parisinus
811 1639 879 1693 7501

514 1754 532 1790 α
556 1731 691 1790 eiusdem
715 1730 826 1789 codicis
844 1750 950 1789 manus
974 1728 1110 1788 secunda

464 1839 492 1891 B
513 1833 612 1892 codex
634 1833 800 1893 Vaticanus
824 1830 1030 1890 bibliothecae
1052 1831 1237 1907 Reginsnsis
1261 1838 1327 1892 1709

466 1940 488 1993 S
513 1933 611 1993 codex
632 1933 795 1993 Leidensis
819 1934 987 1993 Vossianus
1007 1941 1081 1995 314

464 2041 483 2094 lt
514 2038 715 2113 Hermogenis
739 2042 1008 2114 progymnasmata

466 2159 484 2208 ς
512 2137 662 2196 editiones
685 2138 887 2215 interpolatae
912 2136 961 2193 rel
984 2155 1088 2194 omncs
1110 2134 1161 2192 vel
1188 2133 1309 2214 plures,
1339 2153 1356 2188 e
1379 2129 1489 2211 quibus
1519 2128 1608 2187 adhi-

586 2239 684 2297 ‘bitao
709 2248 781 2297 sunt
802 2239 871 2310 irae,

518 2340 611 2397 editio
630 2340 772 2418 princeps
796 2336 947 2419 (Veneta)
970 2346 1084 2424 111170
1131 2329 1141 2347 ”

517 2441 611 2499 editio
633 2443 751 2500 Veneta
774 2461 800 2499 a.
826 2448 893 2504 1472

518 2542 613 2601 editio
637 2543 757 2602 Veneta
781 2562 808 2602 a.
834 2551 900 2605 11111

517 2644 610 2702 editio
633 2644 826 2703 Ascensiana
839 2643 973 2701 Parisiis
996 2664 1023 2701 a.
1051 2652 1117 2705 1516

519 2744 612 2803 editio
633 2745 751 2803 Aldina
770 2746 909 2805 Venetiis
933 2764 960 2803 a.
987 2753 1052 2807 1527

401 2847 450 2903 Ex
473 2845 518 2903 his
543 2846 768 2923 exemplaribus
791 2849 821 2905 in
844 2846 982 2905 omnibus
1002 2846 1099 2905 tribus
1114 2845 1265 2904 Prisciani
1280 2844 1366 2903 libris
1384 2843 1523 2901 adhibita
1538 2854 1611 2902 sunt

316 2950 406 3019 31²5,
430 2949 460 3005 in
480 2948 566 3006 libris
589 2946 627 3006 de
650 2949 755 3023 figuris
770 2930 969 3007 vnumerorum
992 2946 1083 3007 etde
1110 2947 1214 3006 metris
1235 2946 1375 3005 Terentii
1396 2950 1435 3018 A,
1464 2946 1494 3003 in
1522 2946 1610 3004 libris

316 3048 355 3108 dc
376 3049 481 3125 figuris
504 3068 696 3107 numerorum
719 3058 750 3107 ct
773 3047 811 3108 ds
836 3050 1161 3127 praeexercitamentis
1183 3049 1342 3107 rhetoricis
1362 3052 1400 3121 P,
1425 3048 1455 3104 in
1472 3046 1550 3104 libro
1570 3047 1610 3105 ds

316 3151 643 3227 praeexercitamsntis
664 3151 825 3209 rhetoricis
848 3153 920 3208 Set
941 3154 971 3210 la
1003 3159 1164 3228 praeterea
1186 3169 1225 3209 ex
1248 3151 1270 3207 S
1290 3150 1321 3207 in
1343 3149 1420 3207 libro
1444 3147 1482 3207 de
1504 3150 1611 3225 figuris

317 3272 508 3310 numerorum
529 3251 635 3330 paucis
657 3251 733 3310 locis
756 3250 962 3329 discrepantia
984 3253 1153 3329 scripturae
1174 3249 1330 3327 adscripta
1351 3260 1406 3309 est.
