<?xml version="1.0" encoding="UTF-8"?>
<!DOCTYPE html PUBLIC "-//W3C//DTD XHTML 1.0 Transitional//EN"
    "http://www.w3.org/TR/xhtml1/DTD/xhtml1-transitional.dtd">
<html xmlns="http://www.w3.org/1999/xhtml" xml:lang="en" lang="en">
 <head>
  <title>
</title>
<meta http-equiv="Content-Type" content="text/html;charset=utf-8" />
  <meta name='ocr-system' content='tesseract 3.04.00' />
  <meta name='ocr-capabilities' content='ocr_page ocr_carea ocr_par ocr_line ocrx_word'/>
</head>
<body>
  <div class='ocr_page' id='page_1' title='image "./grammaticilatin07keilgoog_0012.png"; bbox 0 0 3352 5490; ppageno 0'>
   <div class='ocr_carea' id='block_1_1' title="bbox 651 1146 1039 1227">
    <p class='ocr_par' dir='ltr' id='par_1_1' title="bbox 651 1146 1039 1227">
     <span class='ocr_line' id='line_1_1' title="bbox 651 1146 1039 1227; baseline -0.003 0"><span class='ocrx_word' id='word_1_1' title='bbox 651 1146 1039 1227; x_wconf 81' lang='lat' dir='ltr'><strong>PRAEFATIO.</strong></span> 
     </span>
    </p>
   </div>
   <div class='ocr_carea' id='block_1_2' title="bbox 754 1415 933 1424">
    <p class='ocr_par' dir='ltr' id='par_1_2' title="bbox 754 1415 933 1424">
     <span class='ocr_line' id='line_1_2' title="bbox 754 1415 933 1424; baseline 0.006 -1"><span class='ocrx_word' id='word_1_2' title='bbox 754 1415 933 1424; x_wconf 49' lang='grc' dir='ltr'>...Ἤ</span> 
     </span>
    </p>
   </div>
   <div class='ocr_carea' id='block_1_3' title="bbox 168 1599 1488 2434">
    <p class='ocr_par' dir='ltr' id='par_1_3' title="bbox 168 1599 1488 2434">
     <span class='ocr_line' id='line_1_3' title="bbox 268 1599 1488 1725; baseline 0.002 -25"><span class='ocrx_word' id='word_1_3' title='bbox 268 1599 410 1701; x_wconf 81' lang='lat' dir='ltr'>Pauca</span> <span class='ocrx_word' id='word_1_4' title='bbox 431 1648 523 1721; x_wconf 91' lang='lat' dir='ltr'>sunt,</span> <span class='ocrx_word' id='word_1_5' title='bbox 546 1660 631 1725; x_wconf 88' lang='lat' dir='ltr'>quae</span> <span class='ocrx_word' id='word_1_6' title='bbox 652 1637 729 1705; x_wconf 90' lang='lat' dir='ltr'>huic</span> <span class='ocrx_word' id='word_1_7' title='bbox 744 1637 903 1704; x_wconf 78' lang='lat' dir='ltr'>volumini</span> <span class='ocrx_word' id='word_1_8' title='bbox 924 1637 1106 1724; x_wconf 86' lang='lat' dir='ltr'>praefanda</span> <span class='ocrx_word' id='word_1_9' title='bbox 1127 1636 1248 1720; x_wconf 86' lang='lat' dir='ltr'>babeo,</span> <span class='ocrx_word' id='word_1_10' title='bbox 1271 1660 1373 1725; x_wconf 81' lang='lat' dir='ltr'>eaque</span> <span class='ocrx_word' id='word_1_11' title='bbox 1391 1640 1488 1703; x_wconf 89' lang='lat' dir='ltr'>unice</span> 
     </span>
     <span class='ocr_line' id='line_1_4' title="bbox 168 1738 1488 1826; baseline -0.004 -18"><span class='ocrx_word' id='word_1_12' title='bbox 168 1745 257 1808; x_wconf 77' lang='lat' dir='ltr'>lere</span> <span class='ocrx_word' id='word_1_13' title='bbox 290 1748 443 1826; x_wconf 87' lang='lat' dir='ltr'>spectant</span> <span class='ocrx_word' id='word_1_14' title='bbox 467 1739 510 1804; x_wconf 88' lang='lat' dir='ltr'>ad</span> <span class='ocrx_word' id='word_1_15' title='bbox 537 1739 638 1804; x_wconf 89' lang='lat' dir='ltr'>libres</span> <span class='ocrx_word' id='word_1_16' title='bbox 659 1738 760 1803; x_wconf 86' lang='lat' dir='ltr'>XVII</span> <span class='ocrx_word' id='word_1_17' title='bbox 784 1748 817 1802; x_wconf 94' lang='lat' dir='ltr'>et</span> <span class='ocrx_word' id='word_1_18' title='bbox 837 1739 972 1820; x_wconf 87' lang='lat' dir='ltr'>XVIII,</span> <span class='ocrx_word' id='word_1_19' title='bbox 1001 1739 1163 1804; x_wconf 81' lang='lat' dir='ltr'>Prisciani</span> <span class='ocrx_word' id='word_1_20' title='bbox 1193 1741 1328 1805; x_wconf 89' lang='lat' dir='ltr'>mineris</span> <span class='ocrx_word' id='word_1_21' title='bbox 1357 1742 1488 1805; x_wconf 90' lang='lat' dir='ltr'>nomine</span> 
     </span>
     <span class='ocr_line' id='line_1_5' title="bbox 175 1839 1488 1927; baseline -0.003 -18"><span class='ocrx_word' id='word_1_22' title='bbox 175 1845 271 1910; x_wconf 89' lang='lat' dir='ltr'>olim</span> <span class='ocrx_word' id='word_1_23' title='bbox 295 1865 317 1906; x_wconf 87' lang='lat' dir='ltr'>a</span> <span class='ocrx_word' id='word_1_24' title='bbox 340 1840 537 1927; x_wconf 89' lang='lat' dir='ltr'>reliquorum</span> <span class='ocrx_word' id='word_1_25' title='bbox 562 1840 704 1905; x_wconf 81' lang='lat' dir='ltr'><strong>sedecim</strong></span> <span class='ocrx_word' id='word_1_26' title='bbox 728 1839 884 1907; x_wconf 89' lang='lat' dir='ltr'>librorum</span> <span class='ocrx_word' id='word_1_27' title='bbox 905 1862 1052 1926; x_wconf 91' lang='lat' dir='ltr'>corpore,</span> <span class='ocrx_word' id='word_1_28' title='bbox 1074 1839 1162 1926; x_wconf 90' lang='lat' dir='ltr'>quod</span> <span class='ocrx_word' id='word_1_29' title='bbox 1179 1839 1340 1905; x_wconf 81' lang='lat' dir='ltr'>Prisciani</span> <span class='ocrx_word' id='word_1_30' title='bbox 1355 1842 1488 1906; x_wconf 89' lang='lat' dir='ltr'>maioris</span> 
     </span>
     <span class='ocr_line' id='line_1_6' title="bbox 178 1941 1488 2031; baseline -0.003 -22"><span class='ocrx_word' id='word_1_31' title='bbox 178 1965 313 2009; x_wconf 86' lang='lat' dir='ltr'>nornen</span> <span class='ocrx_word' id='word_1_32' title='bbox 335 1962 415 2029; x_wconf 85' lang='lat' dir='ltr'>prae</span> <span class='ocrx_word' id='word_1_33' title='bbox 443 1964 478 2006; x_wconf 92' lang='lat' dir='ltr'>se</span> <span class='ocrx_word' id='word_1_34' title='bbox 506 1941 649 2024; x_wconf 85' lang='lat' dir='ltr'>ferebat,</span> <span class='ocrx_word' id='word_1_35' title='bbox 679 1941 780 2027; x_wconf 88' lang='lat' dir='ltr'>vulgo</span> <span class='ocrx_word' id='word_1_36' title='bbox 805 1951 994 2031; x_wconf 78' lang='lat' dir='ltr'>segregatos</span> <span class='ocrx_word' id='word_1_37' title='bbox 1020 1952 1052 2006; x_wconf 93' lang='lat' dir='ltr'>et</span> <span class='ocrx_word' id='word_1_38' title='bbox 1076 1942 1268 2028; x_wconf 88' lang='lat' dir='ltr'>plerumque</span> <span class='ocrx_word' id='word_1_39' title='bbox 1295 1942 1488 2027; x_wconf 80' lang='lat' dir='ltr'>singillatim</span> 
     </span>
     <span class='ocr_line' id='line_1_7' title="bbox 181 2042 1487 2130; baseline -0.003 -19"><span class='ocrx_word' id='word_1_40' title='bbox 181 2047 389 2130; x_wconf 86' lang='lat' dir='ltr'>descriptos.</span> <span class='ocrx_word' id='word_1_41' title='bbox 433 2044 583 2128; x_wconf 85' lang='lat' dir='ltr'>quamvis</span> <span class='ocrx_word' id='word_1_42' title='bbox 605 2044 691 2109; x_wconf 89' lang='lat' dir='ltr'>enim</span> <span class='ocrx_word' id='word_1_43' title='bbox 716 2043 756 2107; x_wconf 92' lang='lat' dir='ltr'>de</span> <span class='ocrx_word' id='word_1_44' title='bbox 774 2043 989 2123; x_wconf 90' lang='lat' dir='ltr'>adiumentis,</span> <span class='ocrx_word' id='word_1_45' title='bbox 1011 2043 1130 2130; x_wconf 88' lang='lat' dir='ltr'>quibus</span> <span class='ocrx_word' id='word_1_46' title='bbox 1151 2044 1186 2107; x_wconf 93' lang='lat' dir='ltr'>in</span> <span class='ocrx_word' id='word_1_47' title='bbox 1203 2044 1414 2108; x_wconf 72' lang='lat' dir='ltr'>recensendis</span> <span class='ocrx_word' id='word_1_48' title='bbox 1435 2042 1487 2107; x_wconf 85' lang='lat' dir='ltr'>his</span> 
     </span>
     <span class='ocr_line' id='line_1_8' title="bbox 183 2143 1487 2231; baseline -0.002 -20"><span class='ocrx_word' id='word_1_49' title='bbox 183 2148 286 2211; x_wconf 90' lang='lat' dir='ltr'>libris</span> <span class='ocrx_word' id='word_1_50' title='bbox 312 2167 392 2208; x_wconf 76' lang='lat' dir='ltr'>rasus</span> <span class='ocrx_word' id='word_1_51' title='bbox 416 2166 503 2227; x_wconf 90' lang='lat' dir='ltr'>sum,</span> <span class='ocrx_word' id='word_1_52' title='bbox 527 2146 561 2208; x_wconf 93' lang='lat' dir='ltr'>in</span> <span class='ocrx_word' id='word_1_53' title='bbox 582 2146 701 2231; x_wconf 86' lang='lat' dir='ltr'>prioris</span> <span class='ocrx_word' id='word_1_54' title='bbox 724 2146 901 2209; x_wconf 79' lang='lat' dir='ltr'>voluminis</span> <span class='ocrx_word' id='word_1_55' title='bbox 924 2145 1128 2231; x_wconf 77' lang='lat' dir='ltr'>praefatione</span> <span class='ocrx_word' id='word_1_56' title='bbox 1151 2143 1379 2226; x_wconf 82' lang='lat' dir='ltr'>disseruerim,</span> <span class='ocrx_word' id='word_1_57' title='bbox 1401 2146 1487 2209; x_wconf 86' lang='lat' dir='ltr'>inter</span> 
     </span>
     <span class='ocr_line' id='line_1_9' title="bbox 190 2244 1486 2334; baseline -0.002 -22"><span class='ocrx_word' id='word_1_58' title='bbox 190 2250 303 2334; x_wconf 90' lang='lat' dir='ltr'>ipsum</span> <span class='ocrx_word' id='word_1_59' title='bbox 330 2245 521 2309; x_wconf 90' lang='lat' dir='ltr'>recensendi</span> <span class='ocrx_word' id='word_1_60' title='bbox 543 2254 641 2332; x_wconf 88' lang='lat' dir='ltr'>atque</span> <span class='ocrx_word' id='word_1_61' title='bbox 666 2245 861 2310; x_wconf 88' lang='lat' dir='ltr'>emendandi</span> <span class='ocrx_word' id='word_1_62' title='bbox 892 2246 1035 2312; x_wconf 87' lang='lat' dir='ltr'>laborem</span> <span class='ocrx_word' id='word_1_63' title='bbox 1058 2245 1323 2311; x_wconf 84' lang='lat' dir='ltr'>observationum</span> <span class='ocrx_word' id='word_1_64' title='bbox 1355 2244 1486 2332; x_wconf 82' lang='lat' dir='ltr'>aliquod</span> 
     </span>
     <span class='ocr_line' id='line_1_10' title="bbox 187 2346 1485 2434; baseline -0.003 -21"><span class='ocrx_word' id='word_1_65' title='bbox 187 2347 401 2414; x_wconf 80' lang='lat' dir='ltr'>corollarium</span> <span class='ocrx_word' id='word_1_66' title='bbox 421 2346 500 2410; x_wconf 90' lang='lat' dir='ltr'>mihi</span> <span class='ocrx_word' id='word_1_67' title='bbox 520 2346 694 2411; x_wconf 89' lang='lat' dir='ltr'>subnatum</span> <span class='ocrx_word' id='word_1_68' title='bbox 718 2357 777 2430; x_wconf 91' lang='lat' dir='ltr'>est,</span> <span class='ocrx_word' id='word_1_69' title='bbox 800 2348 893 2411; x_wconf 90' lang='lat' dir='ltr'>cuius</span> <span class='ocrx_word' id='word_1_70' title='bbox 921 2348 1058 2412; x_wconf 88' lang='lat' dir='ltr'>alteram</span> <span class='ocrx_word' id='word_1_71' title='bbox 1080 2356 1216 2433; x_wconf 87' lang='lat' dir='ltr'>partem,</span> <span class='ocrx_word' id='word_1_72' title='bbox 1236 2369 1319 2434; x_wconf 86' lang='lat' dir='ltr'>quae</span> <span class='ocrx_word' id='word_1_73' title='bbox 1339 2346 1485 2432; x_wconf 86' lang='lat' dir='ltr'>singulas</span> 
     </span>
    </p>
   </div>
   <div class='ocr_carea' id='block_1_4' title="bbox 71 2445 1485 2537">
    <p class='ocr_par' dir='ltr' id='par_1_4' title="bbox 71 2445 1485 2537">
     <span class='ocr_line' id='line_1_11' title="bbox 71 2445 1485 2537; baseline 0.001 -25"><span class='ocrx_word' id='word_1_74' title='bbox 71 2472 78 2483; x_wconf 95' lang='lat'>·</span> <span class='ocrx_word' id='word_1_75' title='bbox 187 2448 351 2537; x_wconf 85' lang='lat' dir='ltr'>quasdam</span> <span class='ocrx_word' id='word_1_76' title='bbox 366 2469 418 2512; x_wconf 85' lang='lat' dir='ltr'>res</span> <span class='ocrx_word' id='word_1_77' title='bbox 434 2447 476 2511; x_wconf 83' lang='lat' dir='ltr'>ad</span> <span class='ocrx_word' id='word_1_78' title='bbox 496 2445 671 2512; x_wconf 88' lang='lat' dir='ltr'>voluminis</span> <span class='ocrx_word' id='word_1_79' title='bbox 695 2447 763 2512; x_wconf 86' lang='lat' dir='ltr'>fere</span> <span class='ocrx_word' id='word_1_80' title='bbox 781 2449 900 2534; x_wconf 90' lang='lat' dir='ltr'>prioris</span> <span class='ocrx_word' id='word_1_81' title='bbox 922 2457 1150 2533; x_wconf 84' lang='lat' dir='ltr'>argumentum</span> <span class='ocrx_word' id='word_1_82' title='bbox 1171 2450 1373 2534; x_wconf 85' lang='lat' dir='ltr'>pertinentes</span> <span class='ocrx_word' id='word_1_83' title='bbox 1394 2470 1485 2535; x_wconf 90' lang='lat' dir='ltr'>spcc·</span> 
     </span>
    </p>
   </div>
   <div class='ocr_carea' id='block_1_5' title="bbox 186 2538 1489 4865">
    <p class='ocr_par' dir='ltr' id='par_1_5' title="bbox 188 2538 1485 2738">
     <span class='ocr_line' id='line_1_12' title="bbox 188 2538 1485 2636; baseline -0.001 -21"><span class='ocrx_word' id='word_1_84' title='bbox 188 2562 255 2628; x_wconf 82' lang='lat' dir='ltr'>tat,</span> <span class='ocrx_word' id='word_1_85' title='bbox 283 2551 317 2613; x_wconf 93' lang='lat' dir='ltr'>in</span> <span class='ocrx_word' id='word_1_86' title='bbox 345 2549 569 2615; x_wconf 86' lang='lat' dir='ltr'>addendorum</span> <span class='ocrx_word' id='word_1_87' title='bbox 598 2549 930 2636; x_wconf 90' lang='lat' dir='ltr'>corrigendorumquc</span> <span class='ocrx_word' id='word_1_88' title='bbox 957 2549 1158 2634; x_wconf 78' lang='lat' dir='ltr'>farraginem</span> <span class='ocrx_word' id='word_1_89' title='bbox 1180 2550 1321 2630; x_wconf 90' lang='lat' dir='ltr'>conieci,</span> <span class='ocrx_word' id='word_1_90' title='bbox 1341 2538 1485 2614; x_wconf 84' lang='lat' dir='ltr'>¹alteram</span> 
     </span>
     <span class='ocr_line' id='line_1_13' title="bbox 190 2650 1318 2738; baseline -0.001 -22"><span class='ocrx_word' id='word_1_91' title='bbox 190 2653 248 2716; x_wconf 88' lang='lat' dir='ltr'>hic</span> <span class='ocrx_word' id='word_1_92' title='bbox 269 2672 462 2738; x_wconf 90' lang='lat' dir='ltr'>componere</span> <span class='ocrx_word' id='word_1_93' title='bbox 483 2650 581 2715; x_wconf 86' lang='lat' dir='ltr'>malo.</span> <span class='ocrx_word' id='word_1_94' title='bbox 1316 2697 1318 2701; x_wconf 29' lang='grc' dir='ltr'><em>ψ</em></span> 
     </span>
    </p>

    <p class='ocr_par' dir='ltr' id='par_1_6' title="bbox 186 2749 1489 4865">
     <span class='ocr_line' id='line_1_14' title="bbox 277 2749 1485 2839; baseline -0.002 -23"><span class='ocrx_word' id='word_1_95' title='bbox 277 2753 327 2816; x_wconf 85' lang='lat' dir='ltr'>Ac</span> <span class='ocrx_word' id='word_1_96' title='bbox 358 2753 498 2837; x_wconf 88' lang='lat' dir='ltr'>primum</span> <span class='ocrx_word' id='word_1_97' title='bbox 527 2751 613 2838; x_wconf 91' lang='lat' dir='ltr'>quod</span> <span class='ocrx_word' id='word_1_98' title='bbox 647 2752 689 2816; x_wconf 87' lang='lat' dir='ltr'>ad</span> <span class='ocrx_word' id='word_1_99' title='bbox 724 2753 827 2838; x_wconf 88' lang='lat' dir='ltr'>ipsius</span> <span class='ocrx_word' id='word_1_100' title='bbox 856 2751 1021 2815; x_wconf 81' lang='lat' dir='ltr'>Prisciani</span> <span class='ocrx_word' id='word_1_101' title='bbox 1052 2774 1133 2839; x_wconf 91' lang='lat' dir='ltr'>opus</span> <span class='ocrx_word' id='word_1_102' title='bbox 1165 2751 1296 2831; x_wconf 87' lang='lat' dir='ltr'>attinet,</span> <span class='ocrx_word' id='word_1_103' title='bbox 1330 2749 1407 2815; x_wconf 90' lang='lat' dir='ltr'>libri</span> <span class='ocrx_word' id='word_1_104' title='bbox 1434 2750 1485 2814; x_wconf 92' lang='lat' dir='ltr'>illi</span> 
     </span>
     <span class='ocr_line' id='line_1_15' title="bbox 191 2850 1483 2943; baseline 0 -28"><span class='ocrx_word' id='word_1_105' title='bbox 191 2852 419 2916; x_wconf 83' lang='lat' dir='ltr'>XIII—XVI</span> <span class='ocrx_word' id='word_1_106' title='bbox 442 2853 623 2917; x_wconf 88' lang='lat' dir='ltr'>doctrinam</span> <span class='ocrx_word' id='word_1_107' title='bbox 645 2850 685 2916; x_wconf 92' lang='lat' dir='ltr'>de</span> <span class='ocrx_word' id='word_1_108' title='bbox 706 2852 856 2939; x_wconf 87' lang='lat' dir='ltr'>partibus</span> <span class='ocrx_word' id='word_1_109' title='bbox 881 2853 1039 2917; x_wconf 89' lang='lat' dir='ltr'>orationis</span> <span class='ocrx_word' id='word_1_110' title='bbox 1062 2851 1242 2943; x_wconf 25' lang='lat' dir='ltr'>per-libros</span> <span class='ocrx_word' id='word_1_111' title='bbox 1266 2851 1337 2915; x_wconf 87' lang='lat' dir='ltr'>XII</span> <span class='ocrx_word' id='word_1_112' title='bbox 1356 2852 1483 2937; x_wconf 88' lang='lat' dir='ltr'>priores</span> 
     </span>
     <span class='ocr_line' id='line_1_16' title="bbox 191 2952 1484 3041; baseline 0 -23"><span class='ocrx_word' id='word_1_113' title='bbox 191 2977 296 3041; x_wconf 86' lang='lat' dir='ltr'>usque</span> <span class='ocrx_word' id='word_1_114' title='bbox 332 2954 375 3018; x_wconf 92' lang='lat' dir='ltr'>ad</span> <span class='ocrx_word' id='word_1_115' title='bbox 409 2975 586 3041; x_wconf 89' lang='lat' dir='ltr'>pronomen</span> <span class='ocrx_word' id='word_1_116' title='bbox 619 2953 808 3037; x_wconf 86' lang='lat' dir='ltr'>deductam,</span> <span class='ocrx_word' id='word_1_117' title='bbox 844 2954 1036 3039; x_wconf 90' lang='lat' dir='ltr'>pronomine</span> <span class='ocrx_word' id='word_1_118' title='bbox 1075 2952 1242 3028; x_wconf 89' lang='lat' dir='ltr'>absolute,</span> <span class='ocrx_word' id='word_1_119' title='bbox 1272 2954 1484 3040; x_wconf 88' lang='lat' dir='ltr'>praepositio-</span> 
     </span>
     <span class='ocr_line' id='line_1_17' title="bbox 191 3054 1482 3142; baseline -0.002 -22"><span class='ocrx_word' id='word_1_120' title='bbox 191 3055 307 3137; x_wconf 83' lang='lat' dir='ltr'>nibus,</span> <span class='ocrx_word' id='word_1_121' title='bbox 330 3055 515 3136; x_wconf 85' lang='lat' dir='ltr'>adverbiis,</span> <span class='ocrx_word' id='word_1_122' title='bbox 538 3054 836 3132; x_wconf 87' lang='lat' dir='ltr'>interiectionibus,</span> <span class='ocrx_word' id='word_1_123' title='bbox 856 3054 1138 3120; x_wconf 87' lang='lat' dir='ltr'>coniunctionibus</span> <span class='ocrx_word' id='word_1_124' title='bbox 1157 3054 1278 3119; x_wconf 87' lang='lat' dir='ltr'>additis</span> <span class='ocrx_word' id='word_1_125' title='bbox 1299 3055 1482 3142; x_wconf 86' lang='lat' dir='ltr'>perficiunt,</span> 
     </span>
     <span class='ocr_line' id='line_1_18' title="bbox 189 3155 1483 3247; baseline -0.001 -26"><span class='ocrx_word' id='word_1_126' title='bbox 189 3158 267 3222; x_wconf 89' lang='lat' dir='ltr'>libri</span> <span class='ocrx_word' id='word_1_127' title='bbox 288 3156 390 3221; x_wconf 88' lang='lat' dir='ltr'>XVII</span> <span class='ocrx_word' id='word_1_128' title='bbox 405 3167 438 3247; x_wconf 79' lang='lat' dir='ltr'>et</span> <span class='ocrx_word' id='word_1_129' title='bbox 453 3155 574 3219; x_wconf 89' lang='lat' dir='ltr'>XVIII</span> <span class='ocrx_word' id='word_1_130' title='bbox 595 3156 794 3243; x_wconf 85' lang='lat' dir='ltr'>peculiarem</span> <span class='ocrx_word' id='word_1_131' title='bbox 815 3165 984 3242; x_wconf 85' lang='lat' dir='ltr'>exponunt</span> <span class='ocrx_word' id='word_1_132' title='bbox 1005 3159 1176 3221; x_wconf 87' lang='lat' dir='ltr'>materiem</span> <span class='ocrx_word' id='word_1_133' title='bbox 1197 3155 1257 3220; x_wconf 77' lang='lat' dir='ltr'>‘de</span> <span class='ocrx_word' id='word_1_134' title='bbox 1280 3155 1483 3220; x_wconf 86' lang='lat' dir='ltr'>ordinatione</span> 
     </span>
     <span class='ocr_line' id='line_1_19' title="bbox 190 3244 1483 3345; baseline -0.001 -22"><span class='ocrx_word' id='word_1_135' title='bbox 190 3261 262 3323; x_wconf 82' lang='lat' dir='ltr'>sire</span> <span class='ocrx_word' id='word_1_136' title='bbox 291 3259 533 3323; x_wconf 91' lang='lat' dir='ltr'>constructione</span> <span class='ocrx_word' id='word_1_137' title='bbox 561 3244 754 3337; x_wconf 88' lang='lat' dir='ltr'>dictionum,</span> <span class='ocrx_word' id='word_1_138' title='bbox 783 3279 880 3345; x_wconf 88' lang='lat' dir='ltr'>quam</span> <span class='ocrx_word' id='word_1_139' title='bbox 910 3257 1029 3323; x_wconf 90' lang='lat' dir='ltr'>Graeci</span> <span class='ocrx_word' id='word_1_140' title='bbox 1056 3252 1217 3335; x_wconf 81' lang='grc' dir='ltr'><strong><em>σύνταξιν</em></strong></span> <span class='ocrx_word' id='word_1_141' title='bbox 1243 3263 1379 3322; x_wconf 86' lang='lat' dir='ltr'>vocant’</span> <span class='ocrx_word' id='word_1_142' title='bbox 1410 3257 1483 3341; x_wconf 89' lang='lat' dir='ltr'>(lib.</span> 
     </span>
     <span class='ocr_line' id='line_1_20' title="bbox 189 3358 1482 3446; baseline -0.001 -22"><span class='ocrx_word' id='word_1_143' title='bbox 189 3359 332 3441; x_wconf 61' lang='lat' dir='ltr'>XVII}</span> <span class='ocrx_word' id='word_1_144' title='bbox 357 3363 402 3446; x_wconf 90' lang='lat'>1).</span> <span class='ocrx_word' id='word_1_145' title='bbox 447 3380 512 3445; x_wconf 89' lang='lat' dir='ltr'>qua</span> <span class='ocrx_word' id='word_1_146' title='bbox 538 3359 574 3422; x_wconf 92' lang='lat' dir='ltr'>in</span> <span class='ocrx_word' id='word_1_147' title='bbox 599 3360 738 3423; x_wconf 89' lang='lat' dir='ltr'>materia</span> <span class='ocrx_word' id='word_1_148' title='bbox 762 3359 934 3423; x_wconf 87' lang='lat' dir='ltr'>tractanda</span> <span class='ocrx_word' id='word_1_149' title='bbox 963 3381 1060 3446; x_wconf 93' lang='lat' dir='ltr'>quam</span> <span class='ocrx_word' id='word_1_150' title='bbox 1085 3368 1155 3423; x_wconf 87' lang='lat' dir='ltr'>arte</span> <span class='ocrx_word' id='word_1_151' title='bbox 1181 3359 1224 3424; x_wconf 88' lang='lat' dir='ltr'>ad</span> <span class='ocrx_word' id='word_1_152' title='bbox 1251 3358 1419 3446; x_wconf 87' lang='lat' dir='ltr'>Apollonii</span> <span class='ocrx_word' id='word_1_153' title='bbox 1441 3359 1482 3424; x_wconf 91' lang='lat' dir='ltr'>de</span> 
     </span>
     <span class='ocr_line' id='line_1_21' title="bbox 189 3460 1483 3548; baseline -0.002 -22"><span class='ocrx_word' id='word_1_154' title='bbox 189 3462 324 3548; x_wconf 79' lang='lat' dir='ltr'>syntaxi</span> <span class='ocrx_word' id='word_1_155' title='bbox 340 3461 441 3525; x_wconf 89' lang='lat' dir='ltr'>libros</span> <span class='ocrx_word' id='word_1_156' title='bbox 459 3481 532 3524; x_wconf 88' lang='lat' dir='ltr'>sese</span> <span class='ocrx_word' id='word_1_157' title='bbox 553 3461 726 3547; x_wconf 85' lang='lat' dir='ltr'>applicarit</span> <span class='ocrx_word' id='word_1_158' title='bbox 746 3461 954 3542; x_wconf 88' lang='lat' dir='ltr'>Priscianus,</span> <span class='ocrx_word' id='word_1_159' title='bbox 977 3462 1128 3547; x_wconf 84' lang='lat' dir='ltr'>quamvis</span> <span class='ocrx_word' id='word_1_160' title='bbox 1150 3462 1195 3525; x_wconf 78' lang='lat' dir='ltr'>‘si</span> <span class='ocrx_word' id='word_1_161' title='bbox 1217 3460 1297 3548; x_wconf 88' lang='lat' dir='ltr'>quid</span> <span class='ocrx_word' id='word_1_162' title='bbox 1320 3462 1418 3524; x_wconf 87' lang='lat' dir='ltr'>ctiam</span> <span class='ocrx_word' id='word_1_163' title='bbox 1440 3482 1483 3524; x_wconf 90' lang='lat' dir='ltr'>ex</span> 
     </span>
     <span class='ocr_line' id='line_1_22' title="bbox 188 3562 1480 3648; baseline -0.002 -21"><span class='ocrx_word' id='word_1_164' title='bbox 188 3563 265 3627; x_wconf 90' lang='lat' dir='ltr'>aliis</span> <span class='ocrx_word' id='word_1_165' title='bbox 288 3562 403 3627; x_wconf 89' lang='lat' dir='ltr'>velex</span> <span class='ocrx_word' id='word_1_166' title='bbox 424 3583 460 3626; x_wconf 88' lang='lat' dir='ltr'>se</span> <span class='ocrx_word' id='word_1_167' title='bbox 481 3563 553 3648; x_wconf 88' lang='lat' dir='ltr'>ipso</span> <span class='ocrx_word' id='word_1_168' title='bbox 576 3583 757 3647; x_wconf 88' lang='lat' dir='ltr'>congruum</span> <span class='ocrx_word' id='word_1_169' title='bbox 776 3562 956 3644; x_wconf 90' lang='lat' dir='ltr'>invenerit,</span> <span class='ocrx_word' id='word_1_170' title='bbox 987 3584 1052 3626; x_wconf 90' lang='lat' dir='ltr'>non</span> <span class='ocrx_word' id='word_1_171' title='bbox 1074 3564 1234 3627; x_wconf 84' lang='lat' dir='ltr'>recusarit</span> <span class='ocrx_word' id='word_1_172' title='bbox 1256 3564 1480 3648; x_wconf 87' lang='lat' dir='ltr'>interponere’</span> 
     </span>
     <span class='ocr_line' id='line_1_23' title="bbox 189 3660 1489 3751; baseline -0.001 -23"><span class='ocrx_word' id='word_1_173' title='bbox 189 3665 315 3751; x_wconf 90' lang='lat' dir='ltr'>etipse</span> <span class='ocrx_word' id='word_1_174' title='bbox 336 3663 508 3728; x_wconf 86' lang='lat' dir='ltr'>confitetur</span> <span class='ocrx_word' id='word_1_175' title='bbox 528 3660 552 3726; x_wconf 90' lang='lat' dir='ltr'>l.</span> <span class='ocrx_word' id='word_1_176' title='bbox 568 3665 784 3727; x_wconf 83' lang='lat' dir='ltr'>cummaxime</span> <span class='ocrx_word' id='word_1_177' title='bbox 807 3663 827 3726; x_wconf 91' lang='lat' dir='ltr'>l.</span> <span class='ocrx_word' id='word_1_178' title='bbox 851 3671 884 3727; x_wconf 87' lang='lat' dir='ltr'>et</span> <span class='ocrx_word' id='word_1_179' title='bbox 899 3664 984 3728; x_wconf 88' lang='lat' dir='ltr'>inter</span> <span class='ocrx_word' id='word_1_180' title='bbox 1007 3686 1119 3728; x_wconf 91' lang='lat' dir='ltr'>omnes</span> <span class='ocrx_word' id='word_1_181' title='bbox 1147 3673 1276 3730; x_wconf 89' lang='lat' dir='ltr'>constat</span> <span class='ocrx_word' id='word_1_182' title='bbox 1321 3665 1367 3749; x_wconf 90' lang='lat' dir='ltr'>(v.</span> <span class='ocrx_word' id='word_1_183' title='bbox 1385 3663 1489 3729; x_wconf 82' lang='lat' dir='ltr'>mode·</span> 
     </span>
     <span class='ocr_line' id='line_1_24' title="bbox 187 3762 1479 3852; baseline -0.002 -22"><span class='ocrx_word' id='word_1_184' title='bbox 187 3766 266 3830; x_wconf 88' lang='lat' dir='ltr'>adn.</span> <span class='ocrx_word' id='word_1_185' title='bbox 288 3786 392 3829; x_wconf 89' lang='lat' dir='ltr'>meam</span> <span class='ocrx_word' id='word_1_186' title='bbox 418 3763 462 3828; x_wconf 89' lang='lat' dir='ltr'>ad</span> <span class='ocrx_word' id='word_1_187' title='bbox 483 3763 589 3848; x_wconf 88' lang='lat' dir='ltr'>ipsum</span> <span class='ocrx_word' id='word_1_188' title='bbox 612 3762 644 3827; x_wconf 93' lang='lat' dir='ltr'>h.</span> <span class='ocrx_word' id='word_1_189' title='bbox 664 3763 715 3850; x_wconf 87' lang='grc'><strong>1.).</strong></span> <span class='ocrx_word' id='word_1_190' title='bbox 738 3762 906 3850; x_wconf 86' lang='lat' dir='ltr'>Apollonii</span> <span class='ocrx_word' id='word_1_191' title='bbox 929 3766 1071 3850; x_wconf 90' lang='lat' dir='ltr'>vestigia</span> <span class='ocrx_word' id='word_1_192' title='bbox 1092 3788 1151 3852; x_wconf 90' lang='lat' dir='ltr'>per</span> <span class='ocrx_word' id='word_1_193' title='bbox 1175 3766 1295 3830; x_wconf 90' lang='lat' dir='ltr'>librum</span> <span class='ocrx_word' id='word_1_194' title='bbox 1319 3765 1479 3829; x_wconf 89' lang='lat' dir='ltr'>decimum</span> 
     </span>
     <span class='ocr_line' id='line_1_25' title="bbox 188 3863 1481 3953; baseline -0.002 -21"><span class='ocrx_word' id='word_1_195' title='bbox 188 3867 363 3953; x_wconf 88' lang='lat' dir='ltr'>septimum</span> <span class='ocrx_word' id='word_1_196' title='bbox 391 3865 524 3930; x_wconf 87' lang='lat' dir='ltr'>assiduo</span> <span class='ocrx_word' id='word_1_197' title='bbox 554 3865 623 3930; x_wconf 85' lang='lat' dir='ltr'>fere</span> <span class='ocrx_word' id='word_1_198' title='bbox 648 3867 800 3952; x_wconf 90' lang='lat' dir='ltr'>persequi</span> <span class='ocrx_word' id='word_1_199' title='bbox 830 3863 922 3949; x_wconf 90' lang='lat' dir='ltr'>lieet,</span> <span class='ocrx_word' id='word_1_200' title='bbox 951 3868 1076 3932; x_wconf 89' lang='lat' dir='ltr'>rariora</span> <span class='ocrx_word' id='word_1_201' title='bbox 1105 3877 1181 3931; x_wconf 87' lang='lat' dir='ltr'>sunt</span> <span class='ocrx_word' id='word_1_202' title='bbox 1208 3868 1243 3930; x_wconf 92' lang='lat' dir='ltr'>in</span> <span class='ocrx_word' id='word_1_203' title='bbox 1264 3876 1356 3952; x_wconf 85' lang='lat' dir='ltr'>parte</span> <span class='ocrx_word' id='word_1_204' title='bbox 1373 3867 1481 3952; x_wconf 90' lang='lat' dir='ltr'>priore</span> 
     </span>
     <span class='ocr_line' id='line_1_26' title="bbox 188 3966 1481 4055; baseline -0.003 -23"><span class='ocrx_word' id='word_1_205' title='bbox 188 3968 267 4032; x_wconf 89' lang='lat' dir='ltr'>libri</span> <span class='ocrx_word' id='word_1_206' title='bbox 290 3968 397 4032; x_wconf 88' lang='lat' dir='ltr'>octavi</span> <span class='ocrx_word' id='word_1_207' title='bbox 424 3966 557 4046; x_wconf 89' lang='lat' dir='ltr'>decimi,</span> <span class='ocrx_word' id='word_1_208' title='bbox 585 3968 680 4030; x_wconf 87' lang='lat' dir='ltr'>cuius</span> <span class='ocrx_word' id='word_1_209' title='bbox 704 3976 933 4052; x_wconf 86' lang='lat' dir='ltr'>argumentum</span> <span class='ocrx_word' id='word_1_210' title='bbox 952 3969 985 4032; x_wconf 94' lang='lat' dir='ltr'>in</span> <span class='ocrx_word' id='word_1_211' title='bbox 1007 3969 1077 4055; x_wconf 90' lang='lat' dir='ltr'>ipse</span> <span class='ocrx_word' id='word_1_212' title='bbox 1107 3967 1183 4032; x_wconf 90' lang='lat' dir='ltr'>libri</span> <span class='ocrx_word' id='word_1_213' title='bbox 1212 3967 1325 4032; x_wconf 89' lang='lat' dir='ltr'>limine</span> <span class='ocrx_word' id='word_1_214' title='bbox 1347 3967 1481 4053; x_wconf 85' lang='lat' dir='ltr'>exponit</span> 
     </span>
     <span class='ocr_line' id='line_1_27' title="bbox 187 4066 1481 4155; baseline -0.002 -22"><span class='ocrx_word' id='word_1_215' title='bbox 187 4069 396 4149; x_wconf 86' lang='lat' dir='ltr'>Priscianus,</span> <span class='ocrx_word' id='word_1_216' title='bbox 419 4067 565 4131; x_wconf 89' lang='lat' dir='ltr'>eiusdem</span> <span class='ocrx_word' id='word_1_217' title='bbox 581 4089 659 4131; x_wconf 89' lang='lat' dir='ltr'>vero</span> <span class='ocrx_word' id='word_1_218' title='bbox 675 4066 750 4131; x_wconf 88' lang='lat' dir='ltr'>libri</span> <span class='ocrx_word' id='word_1_219' title='bbox 765 4089 841 4153; x_wconf 89' lang='lat' dir='ltr'>pars</span> <span class='ocrx_word' id='word_1_220' title='bbox 855 4071 1015 4155; x_wconf 90' lang='lat' dir='ltr'>posterior</span> <span class='ocrx_word' id='word_1_221' title='bbox 1030 4093 1050 4133; x_wconf 92' lang='lat' dir='ltr'>a</span> <span class='ocrx_word' id='word_1_222' title='bbox 1065 4070 1214 4134; x_wconf 86' lang='lat' dir='ltr'>doctrina</span> <span class='ocrx_word' id='word_1_223' title='bbox 1230 4068 1273 4133; x_wconf 88' lang='lat' dir='ltr'>ad</span> <span class='ocrx_word' id='word_1_224' title='bbox 1295 4090 1389 4132; x_wconf 88' lang='lat' dir='ltr'>usum</span> <span class='ocrx_word' id='word_1_225' title='bbox 1408 4088 1481 4131; x_wconf 87' lang='lat' dir='ltr'>sese</span> 
     </span>
     <span class='ocr_line' id='line_1_28' title="bbox 186 4168 1481 4256; baseline -0.002 -21"><span class='ocrx_word' id='word_1_226' title='bbox 186 4178 383 4235; x_wconf 86' lang='lat' dir='ltr'>convertens</span> <span class='ocrx_word' id='word_1_227' title='bbox 405 4168 453 4232; x_wconf 92' lang='lat' dir='ltr'>nil</span> <span class='ocrx_word' id='word_1_228' title='bbox 470 4168 537 4232; x_wconf 89' lang='lat' dir='ltr'>nisi</span> <span class='ocrx_word' id='word_1_229' title='bbox 555 4169 755 4253; x_wconf 86' lang='lat' dir='ltr'>farraginem</span> <span class='ocrx_word' id='word_1_230' title='bbox 776 4171 1000 4256; x_wconf 88' lang='lat' dir='ltr'>exemplorum</span> <span class='ocrx_word' id='word_1_231' title='bbox 1023 4170 1172 4253; x_wconf 86' lang='lat' dir='ltr'>exhibet,</span> <span class='ocrx_word' id='word_1_232' title='bbox 1196 4170 1396 4235; x_wconf 85' lang='lat' dir='ltr'>Graecorum</span> <span class='ocrx_word' id='word_1_233' title='bbox 1420 4170 1481 4233; x_wconf 91' lang='lat' dir='ltr'>sci-</span> 
     </span>
     <span class='ocr_line' id='line_1_29' title="bbox 186 4270 1482 4352; baseline 0.002 -18"><span class='ocrx_word' id='word_1_234' title='bbox 186 4271 267 4335; x_wconf 87' lang='lat' dir='ltr'>licet</span> <span class='ocrx_word' id='word_1_235' title='bbox 289 4278 323 4333; x_wconf 90' lang='lat' dir='ltr'>et</span> <span class='ocrx_word' id='word_1_236' title='bbox 342 4270 561 4335; x_wconf 88' lang='lat' dir='ltr'>Romanorum</span> <span class='ocrx_word' id='word_1_237' title='bbox 580 4271 855 4352; x_wconf 88' lang='lat' dir='ltr'>constructiones,</span> <span class='ocrx_word' id='word_1_238' title='bbox 874 4282 911 4336; x_wconf 91' lang='lat' dir='ltr'>ut</span> <span class='ocrx_word' id='word_1_239' title='bbox 926 4275 973 4336; x_wconf 85' lang='lat' dir='ltr'>ita</span> <span class='ocrx_word' id='word_1_240' title='bbox 993 4271 1054 4336; x_wconf 91' lang='lat' dir='ltr'>hoc</span> <span class='ocrx_word' id='word_1_241' title='bbox 1070 4270 1171 4335; x_wconf 84' lang='lat' dir='ltr'>verbo</span> <span class='ocrx_word' id='word_1_242' title='bbox 1192 4273 1239 4334; x_wconf 90' lang='lat' dir='ltr'>uti</span> <span class='ocrx_word' id='word_1_243' title='bbox 1262 4271 1375 4347; x_wconf 70' lang='lat' dir='ltr'>liceat,</span> <span class='ocrx_word' id='word_1_244' title='bbox 1396 4271 1482 4336; x_wconf 87' lang='lat' dir='ltr'>inter</span> 
     </span>
     <span class='ocr_line' id='line_1_30' title="bbox 186 4369 1482 4459; baseline 0.001 -23"><span class='ocrx_word' id='word_1_245' title='bbox 186 4394 225 4436; x_wconf 92' lang='lat' dir='ltr'>se</span> <span class='ocrx_word' id='word_1_246' title='bbox 245 4380 449 4458; x_wconf 85' lang='lat' dir='ltr'>comparatas</span> <span class='ocrx_word' id='word_1_247' title='bbox 471 4369 717 4435; x_wconf 82' lang='lat' dir='ltr'>illustrantInm.</span> <span class='ocrx_word' id='word_1_248' title='bbox 761 4394 859 4458; x_wconf 89' lang='lat' dir='ltr'>quam</span> <span class='ocrx_word' id='word_1_249' title='bbox 875 4381 1055 4437; x_wconf 86' lang='lat' dir='ltr'>extremam</span> <span class='ocrx_word' id='word_1_250' title='bbox 1074 4373 1181 4459; x_wconf 89' lang='lat' dir='ltr'>operis</span> <span class='ocrx_word' id='word_1_251' title='bbox 1202 4373 1253 4435; x_wconf 89' lang='lat' dir='ltr'>sui</span> <span class='ocrx_word' id='word_1_252' title='bbox 1269 4380 1395 4458; x_wconf 86' lang='lat' dir='ltr'>partem</span> <span class='ocrx_word' id='word_1_253' title='bbox 1410 4373 1482 4458; x_wconf 85' lang='lat' dir='ltr'>ipsc</span> 
     </span>
     <span class='ocr_line' id='line_1_31' title="bbox 187 4471 1482 4561; baseline -0.001 -25"><span class='ocrx_word' id='word_1_254' title='bbox 187 4473 414 4554; x_wconf 75' lang='lat' dir='ltr'>‘Atticismos,</span> <span class='ocrx_word' id='word_1_255' title='bbox 443 4472 563 4558; x_wconf 90' lang='lat' dir='ltr'>quibus</span> <span class='ocrx_word' id='word_1_256' title='bbox 591 4473 731 4536; x_wconf 88' lang='lat' dir='ltr'>Romani</span> <span class='ocrx_word' id='word_1_257' title='bbox 760 4496 890 4561; x_wconf 90' lang='lat' dir='ltr'>quoque</span> <span class='ocrx_word' id='word_1_258' title='bbox 918 4480 1071 4537; x_wconf 89' lang='lat' dir='ltr'>utuntur’</span> <span class='ocrx_word' id='word_1_259' title='bbox 1105 4473 1252 4537; x_wconf 91' lang='lat' dir='ltr'>nominat</span> <span class='ocrx_word' id='word_1_260' title='bbox 1277 4471 1335 4537; x_wconf 93' lang='lat' dir='ltr'>lib.</span> <span class='ocrx_word' id='word_1_261' title='bbox 1363 4472 1482 4537; x_wconf 93' lang='lat' dir='ltr'>XVIII</span> 
     </span>
     <span class='ocr_line' id='line_1_32' title="bbox 188 4573 1482 4661; baseline 0.001 -25"><span class='ocrx_word' id='word_1_262' title='bbox 188 4579 211 4654; x_wconf 65' lang='grc' dir='ltr'>ξ</span> <span class='ocrx_word' id='word_1_263' title='bbox 232 4578 283 4640; x_wconf 85' lang='grc'>50.</span> <span class='ocrx_word' id='word_1_264' title='bbox 327 4573 370 4638; x_wconf 93' lang='lat' dir='ltr'>ad</span> <span class='ocrx_word' id='word_1_265' title='bbox 396 4594 477 4659; x_wconf 90' lang='lat' dir='ltr'>quos</span> <span class='ocrx_word' id='word_1_266' title='bbox 504 4595 579 4638; x_wconf 91' lang='lat' dir='ltr'>cum</span> <span class='ocrx_word' id='word_1_267' title='bbox 607 4573 642 4636; x_wconf 90' lang='lat' dir='ltr'>in</span> <span class='ocrx_word' id='word_1_268' title='bbox 671 4574 891 4640; x_wconf 89' lang='lat' dir='ltr'>anterioribus</span> <span class='ocrx_word' id='word_1_269' title='bbox 914 4596 1043 4661; x_wconf 92' lang='lat' dir='ltr'>quoque</span> <span class='ocrx_word' id='word_1_270' title='bbox 1065 4575 1221 4661; x_wconf 88' lang='lat' dir='ltr'>spectarit</span> <span class='ocrx_word' id='word_1_271' title='bbox 1245 4575 1293 4661; x_wconf 91' lang='lat' dir='ltr'>(v.</span> <span class='ocrx_word' id='word_1_272' title='bbox 1310 4578 1330 4655; x_wconf 63' lang='grc' dir='ltr'>ἐ</span> <span class='ocrx_word' id='word_1_273' title='bbox 1346 4577 1387 4638; x_wconf 89' lang='grc'>99</span> <span class='ocrx_word' id='word_1_274' title='bbox 1408 4595 1482 4638; x_wconf 92' lang='lat' dir='ltr'>cum</span> 
     </span>
     <span class='ocr_line' id='line_1_33' title="bbox 191 4674 1483 4763; baseline -0.001 -26"><span class='ocrx_word' id='word_1_275' title='bbox 191 4696 262 4760; x_wconf 87' lang='lat' dir='ltr'>sqq.</span> <span class='ocrx_word' id='word_1_276' title='bbox 286 4676 345 4738; x_wconf 83' lang='lat'>122</span> <span class='ocrx_word' id='word_1_277' title='bbox 367 4696 440 4738; x_wconf 90' lang='lat' dir='ltr'>cum</span> <span class='ocrx_word' id='word_1_278' title='bbox 464 4674 569 4762; x_wconf 84' lang='lat' dir='ltr'>sqq),</span> <span class='ocrx_word' id='word_1_279' title='bbox 590 4674 667 4738; x_wconf 88' lang='lat' dir='ltr'>data</span> <span class='ocrx_word' id='word_1_280' title='bbox 686 4683 796 4738; x_wconf 85' lang='lat' dir='ltr'>temen</span> <span class='ocrx_word' id='word_1_281' title='bbox 818 4680 958 4762; x_wconf 61' lang='lat' dir='ltr'>opera}</span> <span class='ocrx_word' id='word_1_282' title='bbox 983 4680 1040 4738; x_wconf 83' lang='lat'>157</span> <span class='ocrx_word' id='word_1_283' title='bbox 1062 4675 1191 4740; x_wconf 89' lang='lat' dir='ltr'>demum</span> <span class='ocrx_word' id='word_1_284' title='bbox 1210 4676 1326 4763; x_wconf 88' lang='lat' dir='ltr'>incipit</span> <span class='ocrx_word' id='word_1_285' title='bbox 1346 4674 1483 4738; x_wconf 76' lang='lat' dir='ltr'>‘multos</span> 
     </span>
     <span class='ocr_line' id='line_1_34' title="bbox 196 4775 1482 4865; baseline 0.002 -29"><span class='ocrx_word' id='word_1_286' title='bbox 196 4782 229 4836; x_wconf 90' lang='lat' dir='ltr'>et</span> <span class='ocrx_word' id='word_1_287' title='bbox 249 4775 397 4841; x_wconf 86' lang='lat' dir='ltr'>diverses</span> <span class='ocrx_word' id='word_1_288' title='bbox 422 4796 503 4841; x_wconf 84' lang='lat' dir='ltr'>usus</span> <span class='ocrx_word' id='word_1_289' title='bbox 522 4775 566 4841; x_wconf 86' lang='lat' dir='ltr'>ab</span> <span class='ocrx_word' id='word_1_290' title='bbox 590 4776 779 4842; x_wconf 84' lang='lat' dir='ltr'>auctoribus</span> <span class='ocrx_word' id='word_1_291' title='bbox 805 4779 976 4865; x_wconf 89' lang='lat' dir='ltr'>utriusque</span> <span class='ocrx_word' id='word_1_292' title='bbox 1003 4775 1137 4864; x_wconf 83' lang='lat' dir='ltr'>linguae</span> <span class='ocrx_word' id='word_1_293' title='bbox 1163 4776 1317 4864; x_wconf 85' lang='lat' dir='ltr'>colligere</span> <span class='ocrx_word' id='word_1_294' title='bbox 1339 4776 1482 4840; x_wconf 89' lang='lat' dir='ltr'>omnium</span> 
     </span>
    </p>
   </div>
   <div class='ocr_carea' id='block_1_6' title="bbox 0 0 1680 5490">
    <p class='ocr_par' dir='ltr' id='par_1_7' title="bbox 0 0 1680 5490">
     <span class='ocr_line' id='line_1_35' title="bbox 0 0 1680 5490; baseline 0 1"><span class='ocrx_word' id='word_1_295' title='bbox 0 0 1680 5490; x_wconf 95' lang='lat' dir='ltr'> </span> 
     </span>
    </p>
   </div>
  </div>
 </body>
</html>
