3352 5490
167 363 216 406 vm
712 348 920 437 PRAEFATIO

167 533 322 600 orationis
347 531 519 619 partium’
553 552 636 618 quae
655 531 803 596 collectio
821 533 949 597 etiamsi
964 554 1051 597 nunc
1070 542 1158 598 certe
1176 535 1291 621 incipit
1307 556 1327 598 a
1345 540 1458 600 ‘curo'

168 645 200 700 et
222 633 448 716 ἐπιδείκνυμι,
478 631 642 716 ἐμποδίζω
662 642 694 696 01
716 632 894 720 ‘impedio'
906 683 914 716 ,
941 635 968 697 si
989 644 1098 699 tamen
1123 628 1206 699 κατὰ
1226 647 1392 718 στοιχεῖον
1413 639 1460 700 in-

169 738 315 800 stitutam
348 757 419 800 esse
451 735 581 817 dixero,
615 734 844 820 pernegabunt
877 734 939 798 hoc
971 737 1010 818 ii,
1046 738 1102 824 qui
1136 739 1317 803 vetustiore
1349 738 1461 824 aliqua

168 837 331 903 Prisciani
354 835 496 901 editione
519 845 667 912 utentur,
694 835 860 900 veteribus
882 835 934 901 his
961 838 1112 903 sordibus
1135 861 1155 902 a
1176 838 1324 904 codicum
1351 839 1460 904 lectio-

168 939 265 1004 nibus
302 939 415 1002 sedulo
453 938 635 1023 segregatis
677 936 836 1023 paula-tim
882 941 1080 1025 perspicient
1125 941 1244 1027 quibus
1287 941 1461 1028 Scapulam
1496 942 1503 951 “

170 1042 390 1105 Oxoniensem
418 1048 454 1103 ut
482 1038 636 1104 evolvant
663 1038 844 1124 contingit,
876 1040 981 1126 primo
1010 1041 1125 1105 obtutu
1154 1052 1333 1126 agnoscent
1360 1042 1459 1105 semel

169 1143 284 1207 moniti
306 1141 458 1205 editionis
478 1139 574 1204 huius
605 1138 754 1204 lectores.
799 1161 875 1204 nam
898 1141 975 1206 inde
994 1164 1014 1205 a
1031 1144 1127 1209 tertio
1155 1142 1315 1208 vocabulo
1342 1138 1460 1206 αἰσθά-

170 1267 271 1326 νομαι
291 1242 459 1306 literarum
488 1242 567 1306 ordo
595 1240 774 1305 secundum
801 1241 952 1328 exempla
973 1265 1016 1307 ex
1039 1244 1168 1309 Graeco
1190 1266 1338 1309 sermone
1359 1245 1461 1331 petita

170 1353 359 1410 constanter
380 1344 449 1407 fere
471 1352 621 1408 servatus
643 1351 703 1407 est.
749 1343 836 1428 quod
860 1343 888 1407 si
910 1345 982 1430 ipse
1004 1347 1246 1432 perspexissem
1267 1356 1342 1410 ante
1365 1369 1461 1433 quam

171 1448 273 1533 ipsius
297 1444 394 1509 huius
418 1444 557 1530 catalogi
577 1453 702 1532 partem
721 1467 763 1508 cx
786 1466 859 1509 mea
880 1446 984 1532 ipsius
1006 1448 1197 1511 recensione
1219 1449 1307 1534 typis
1329 1470 1460 1535 expres·

171 1571 241 1614 sam
271 1547 467 1634 perlustrare
496 1546 576 1611 mihi
598 1546 759 1624 licuisset,
785 1546 931 1631 singulos
960 1546 1064 1630 locos,
1097 1549 1154 1632 qui
1187 1549 1228 1612 ab
1258 1549 1371 1614 ordine
1401 1549 1462 1612 hec

170 1650 344 1730 recedunt,
375 1649 469 1732 signo
497 1649 606 1734 aliquo
639 1657 824 1730 notassem3
854 1669 958 1731 nunc,
992 1669 1066 1712 cum
1092 1670 1165 1712 sero
1193 1649 1226 1714 id
1256 1651 1461 1716 animadver-

170 1750 282 1832 terim,
304 1750 345 1814 ob
362 1748 397 1813 id
414 1771 514 1813 unum
530 1749 737 1837 aliquatenus
753 1749 961 1813 excusandus
985 1749 1088 1836 quod,
1111 1759 1267 1835 quantum
1283 1754 1351 1816 scio
1360 1801 1369 1833 ,
1395 1753 1462 1815 ani-

172 1851 401 1917 madverterim
425 1852 559 1938 primus,
582 1851 679 1915 huius
700 1851 899 1938 quaestionis
920 1851 1074 1915 minutias
1093 1851 1180 1916 haud
1197 1852 1327 1939 quidem
1351 1875 1463 1916 omncs

174 1953 381 2036 exhauriam,
410 1952 446 2017 id
475 1964 583 2017 tamen
605 1952 760 2035 enotabo,
787 1973 852 2017 uno
874 1952 1067 2017 emblemate
1085 1956 1105 2034 ξ
1125 1957 1178 2017 171
1196 1977 1226 2040 p.
1245 1956 1317 2036 286,
1340 1959 1375 2016 10
1392 1977 1461 2040 sqq.

172 2063 309 2142 excepto
334 2053 539 2140 alphabetico
560 2055 712 2119 ordinata
741 2053 822 2118 haec
847 2053 988 2141 primum
1014 2053 1190 2142 procedere
1217 2055 1379 2135 111116οξ
1405 2059 1462 2120 158

171 2178 275 2242 usque
299 2157 341 2221 ad
362 2156 426 2230 ‘sie
447 2177 506 2242 pro
530 2153 585 2220 ἐν’
610 2160 630 2237 ἓ
656 2158 715 2221 184
737 2179 797 2241 sq,
817 2164 885 2219 tum
906 2177 984 2221 vero
1013 2155 1147 2242 abipsa
1175 2156 1236 2220 hac
1257 2157 1463 2242 paragrapho

178 2261 236 2323 185
260 2256 414 2339 alteram,
437 2265 474 2321 ut
494 2257 636 2321 techniei
658 2257 767 2322 dicere
788 2255 908 2338 solent,
938 2256 1158 2321 redactionem
1182 2256 1297 2322 literae
1318 2281 1339 2319 α
1360 2261 1463 2343 sequi,

172 2367 205 2423 et
233 2359 338 2447 ipsam
367 2381 387 2421 a
415 2379 487 2423 voe.
509 2352 737 2423 αἰσθάνεσθαι
766 2357 994 2445 incipientem
1025 2357 1160 2422 alterius
1189 2380 1268 2424 vero
1298 2357 1393 2422 huius
1415 2381 1463 2423 re-

174 2459 335 2525 dactionis
356 2460 426 2525 scre
449 2459 665 2524 initiumloco
690 2459 731 2525 de
751 2457 963 2542 ἐπιδείκνυμι
985 2468 1017 2524 et
1037 2457 1202 2542 ἐμπδὸίζω
1223 2460 1309 2524 inter
1331 2482 1421 2525 voce.
1445 2483 1465 2524 a

172 2560 268 2625 litora
291 2584 313 2624 α
337 2561 528 2647 incipientia
550 2561 673 2626 inserto
696 2564 791 2643 §188
808 2585 856 2648 sq.
876 2561 989 2626 eodem
1010 2560 1079 2625 fere
1102 2561 1197 2626 modo
1219 2561 1378 2643 turbatur,
1401 2585 1463 2648 quo

172 2663 207 2726 in
229 2662 335 2726 fronte
358 2663 457 2726 totius
484 2661 580 2725 huius
603 2661 746 2747 catalogi
776 2661 867 2727 locus
891 2662 1076 2727 simillimus
1105 2663 1140 2726 in
1170 2661 1265 2726 libris
1288 2663 1465 2728 collocatus

172 2772 232 2827 est.
278 2763 413 2845 deinde,
442 2764 589 2851 exceptis
617 2765 733 2851 paucis
762 2763 960 2849 quibusdam
998 2761 1157 2849 exemplis
1196 2764 1267 2827 sive
1298 2764 1340 2828 ob
1372 2786 1465 2849 argu-

172 2866 273 2929 menti
295 2864 543 2930 similitudinem
565 2866 607 2929 ab
631 2867 702 2951 ipso
717 2844 892 2930 Prisciano
919 2865 1052 2928 insertis
1083 2864 1153 2928 sive
1176 2886 1197 2928 a
1218 2865 1330 2930 sciolis
1353 2865 1467 2950 agglu-

171 2966 284 3029 tinatis
305 2967 391 3031 iusto
420 2966 535 3032 ordine
556 2970 665 3032 omnia
690 2967 890 3054 procedunt,
915 2965 1036 3052 partim
1066 2965 1185 3029 iisdem
1209 2967 1381 3030 vocabulis
1407 2966 1466 3031 ibi·

173 3068 311 3155 demque
331 3068 453 3155 passim
475 3067 593 3133 iisdem
611 3069 770 3154 exemplis
793 3069 958 3152 repetitis,
985 3068 1105 3154 partim
1126 3068 1223 3132 novis
1244 3075 1277 3131 et
1295 3067 1466 3132 vocabulis

174 3179 206 3233 et
225 3168 385 3255 exemplis
412 3169 553 3253 additis,
580 3192 684 3256 usque
707 3167 792 3252 ad§
821 3172 891 3233 197.
936 3172 1012 3247 at§
1037 3169 1096 3232 198
1122 3169 1214 3253 ipsae
1238 3166 1315 3231 illae
1338 3167 1378 3230 116
1401 3168 1466 3241 εεἰς

172 3292 231 3358 pro
254 3267 307 3333 ἐν’
338 3269 536 3355 paragraphi
559 3275 593 3351 (ξ
619 3273 677 3334 181
701 3275 765 3356 sq.)
785 3270 982 3336 verbotenus
1008 3270 1078 3335 fere
1104 3255 1306 3355 repetuntur.
1343 3277 1464 3332 utram·

174 3393 236 3457 que
264 3368 353 3433 illam
387 3370 501 3436 literae
522 3394 544 3434 α
569 3371 792 3437 redactionem
818 3372 859 3435 ab
887 3371 959 3459 ipso
987 3370 1156 3435 Prisciano
1182 3371 1361 3458 profectam
1393 3391 1466 3433 esse

173 3495 238 3537 non
261 3480 310 3535 est
332 3471 420 3557 quod
436 3494 574 3558 negem,
597 3472 733 3538 alteram
754 3495 834 3538 vero
856 3471 952 3536 alteri
975 3472 1045 3536 sive
1067 3471 1289 3537 emendandae
1306 3472 1377 3537 sive
1392 3492 1465 3556 sup-

172 3573 312 3660 plendae
333 3572 530 3638 destinatam
551 3575 659 3638 alieno
682 3573 753 3639 loeo
776 3574 988 3655 inculcatam,
1009 3581 1079 3639 tum
1094 3595 1174 3639 vero
1189 3572 1246 3637 1110
1262 3572 1303 3637 116
1324 3573 1392 3646 *εἰς
1407 3593 1466 3657 pro

171 3674 227 3739 ἐν’
254 3673 391 3739 articulo
423 3677 563 3762 repetito
589 3698 663 3740 cum
691 3674 827 3761 reliquis
861 3676 1068 3762 aliquatenus
1103 3682 1365 3759 coagmentatum
1394 3695 1466 3737 esse

114 3804 120 3813 ·
173 3799 302 3842 censeo.
347 3776 586 3858 1111166ξ198
615 3799 719 3863 usque
748 3778 790 3842 ad
819 3777 917 3841 finem
945 3777 1054 3842 omnia
1083 3777 1257 3863 perpaucis
1284 3773 1466 3841 corollariis

173 3879 320 3965 exceptis
340 3877 509 3942 literarum
530 3879 636 3942 ordini
659 3879 873 3965 respondent,
895 3888 932 3943 ut
953 3878 1007 3943 vel
1028 3875 1239 3960 ἐπιδείκνυμι
1254 3886 1286 3942 et
1300 3875 1466 3959 ἐμποδίζω

174 3985 259 4046 inter
279 3980 430 4065 exempla
446 4001 466 4041 a
486 3979 582 4043 litera
605 4003 621 4043 ε
644 3982 835 4067 incipientia
856 3981 991 4045 tertium·
1006 3982 1236 4073 repetanturss
1258 3982 1330 4042 206.
1375 3978 1467 4041 omit-

173 4092 286 4148 tuntur
314 4084 349 4148 in
377 4078 580 4166 amplissima
596 4081 658 4146 hac
680 4084 764 4146 serie
785 4103 877 4147 voce.
901 4104 921 4145 a
944 4084 960 4159 ζ
981 4088 1054 4144 eta
1079 4102 1098 4162 ρ
1118 4080 1325 4166 incipientia,
1357 4101 1377 4140 ν
1397 4078 1467 4154 et}

174 4184 314 4268 singulis
337 4181 496 4268 exemplis
526 4183 632 4268 iisque
662 4184 755 4270 quasi
776 4170 811 4248 in
839 4185 980 4247 transitu
1009 4182 1147 4245 annexis
1177 4180 1409 4266 profligantur,
1432 4189 1468 4242 ut

174 4286 232 4349 vix
267 4285 479 4366 crediderim,
515 4284 685 4373 archetypi
709 4285 889 4365 librarium,
923 4305 997 4348 cum
1025 4282 1110 4347 forte
1141 4282 1276 4346 fortuito
1301 4281 1344 4345 ad
1375 4301 1465 4344 voce.

173 4379 405 4468 εχορτιὶζομιιιι,
430 4386 548 4452 satior'
572 4386 683 4472 ibique
707 4387 751 4451 ad
771 4407 903 4451 versum
926 4385 1018 4449 illum
1040 4382 1273 4447 Terentianum

302 4488 359 4551 sed
385 4497 556 4574 postquam
582 4490 671 4552 intus
694 4510 766 4551 suin
789 4487 933 4551 omnium
953 4507 1061 4549 rerum
1083 4494 1173 4548 satur

174 4588 394 4676 pervenisset,
416 4590 525 4654 taedio
551 4598 674 4655 motum
698 4588 802 4653 literis
824 4595 850 4663 ψ
871 4595 903 4651 et
924 4609 950 4650 ω
970 4587 1098 4652 omissis
1119 4587 1322 4667 substitisse,
1345 4584 1403 4648 sed
1423 4585 1468 4648 ad

172 4692 279 4776 ipsum
301 4688 410 4775 potius
432 4689 638 4754 Priscianum
659 4689 806 4753 taedium
827 4687 908 4752 illud
931 4687 1087 4766 referam,
1117 4687 1205 4772 quod
1227 4689 1299 4774 ipso
1321 4685 1376 4749 1110
1398 4685 1467 4750 lon·

172 4791 294 4876 ginquo
312 4787 417 4854 labori
434 4789 497 4855 fine
515 4791 666 4877 imposito
680 4812 746 4855 non
761 4789 870 4854 minus
887 4787 1031 4854 dilucide
1048 4790 1212 4874 expressit
1230 4809 1327 4873 quam
1344 4786 1468 4853 codicis
