3352 5490
232 350 294 414 aaa
579 432 583 438 ¹
777 351 987 415 rarsea'uo

232 538 343 601 metris
367 537 512 601 Terentii
535 539 613 601 satis
636 536 738 600 multa
758 539 909 618 mutavit,
930 559 1014 622 quae
1034 559 1076 600 ex
1098 536 1210 600 codice
1223 533 1379 619 Sealigeri
1396 543 1428 598 01
1441 534 1528 599 Bon·

231 637 334 721 garsii
362 638 534 701 emendata
560 660 631 702 esse
657 638 747 702 dicit.
793 661 867 700 110111
896 639 1092 702 Franciscus
1115 637 1286 718 Pithoeus,
1320 636 1377 722 qui
1406 635 1527 700 librum

230 740 580 825 praeexercitaminum
603 762 676 803 cum
699 739 773 803 aliis
795 739 836 803 de
860 749 929 803 arte
950 737 1112 803 rhetorica
1133 738 1227 802 libris
1251 737 1370 801 Latine
1395 737 1529 825 scriptis

232 839 336 903 edidit
357 863 387 904 a.
415 846 509 922 1599,
538 863 642 927 pauca
662 844 816 921 mutavit,
845 864 927 927 quiae
950 863 1015 904 non
1037 842 1160 926 recepit
1182 839 1367 903 Putsclrius.
1411 848 1528 926 postea

231 941 476 1006 Fridericus
502 943 805 1007 Lindemannus
835 944 975 1007 minores
1005 941 1167 1005 Prisciani
1194 939 1313 1021 libros,
1348 941 1381 1002 in
1409 938 1529 1025 quibus

232 1065 319 1105 nunc
342 1065 524 1125 versamur,
547 1067 658 1110 omues
680 1054 817 1130 excepto
840 1044 913 1127 illo,
937 1044 991 1130 qui
1014 1052 1064 1106 est
1086 1043 1127 1107 de
1146 1043 1276 1107 nomine
1291 1050 1323 1106 et
1337 1042 1530 1126 pronomine

232 1154 264 1208 01
285 1144 397 1226 verbo,
423 1168 464 1209 ex
484 1145 652 1209 codicibus
674 1145 892 1210 Leideusibus
915 1145 1103 1209 emendatos
1125 1142 1230 1207 edidit
1252 1142 1406 1228 Lugduni
1429 1142 1529 1206 Bata-

231 1268 344 1310 vorum
368 1269 398 1311 a.
424 1250 515 1311 1818.
561 1248 589 1310 10
612 1257 720 1311 autem
743 1257 871 1334 praeter
894 1248 975 1311 duos
996 1246 1126 1310 codices
1153 1267 1173 1307 a
1202 1267 1254 1308 me
1284 1266 1413 1331 quoque
1436 1265 1529 1307 usur·

230 1358 340 1435 patos,
367 1349 563 1412 Vossianum
590 1350 638 1412 12.
651 1353 681 1432 8,
704 1373 799 1436 quem
824 1349 853 1412 D
878 1348 968 1426 dicit,
999 1355 1032 1409 et
1052 1347 1247 1410 Vossiauum
1269 1349 1319 1409 33.
1334 1353 1364 1428 4,
1387 1347 1421 1408 iu
1443 1344 1529 1410 libro

232 1448 405 1533 defigeris
427 1472 632 1514 numerorum
656 1460 688 1513 ct
711 1453 743 1514 in
767 1448 1137 1537 praeexercitaminibus
1160 1470 1239 1511 usus
1262 1457 1312 1511 est
1331 1448 1426 1511 tertio
1450 1449 1529 1510 item
1599 1450 1604 1457 ’

231 1549 395 1615 Vossiano
420 1555 467 1613 15.
490 1555 508 1614 8
532 1551 662 1616 saeculo
690 1553 860 1617 undecimo
889 1552 1026 1637 scripte,
1060 1551 1115 1636 qui
1141 1550 1204 1635 ipsi
1230 1549 1259 1610 V
1284 1558 1353 1631 est3
1385 1549 1439 1612 eui
1466 1569 1529 1633 ego

231 1650 354 1714 nullam
380 1652 476 1714 fidem
504 1652 687 1717 habendam
715 1655 860 1739 putavi..
889 1660 937 1715 est
960 1653 1045 1714 enim
1070 1650 1283 1736 neglegenter
1308 1652 1465 1737 scriptus,
1495 1659 1528 1712 et

231 1751 334 1815 multa
357 1762 478 1816 temere
502 1764 627 1817 mutata
650 1764 735 1817 sunt.
775 1764 918 1818 ceterum
936 1752 1198 1832 Lindemannus,
1216 1774 1409 1839 quamquam
1427 1750 1531 1815 multa
1586 1815 1590 1823 ,

231 1862 364 1939 propter
386 1853 563 1918 bonitatem
586 1854 759 1936 librorum,
790 1855 909 1941 quibus
930 1877 1008 1918 usus
1033 1866 1098 1935 est,
1134 1865 1222 1917 recte
1246 1853 1447 1933 emendavit,
1480 1862 1528 1915 ta-

231 1976 322 2034 men,
352 1958 429 2040 quia
451 1978 555 2040 neque
578 1955 734 2020 librorum
758 1967 905 2021 naturam
929 1959 1059 2041 perdtus
1083 1965 1298 2041 perspexerat
1326 1964 1359 2019 et
1381 1968 1529 2017 veterum

230 2053 409 2118 editionum
437 2060 630 2122 auctoritate
658 2059 846 2140 tenebatur,
881 2081 978 2145 saepe
1003 2080 1023 2120 a
1053 2079 1130 2122 vero
1159 2057 1337 2121 aberravitr
1387 2056 1529 2140 denique

231 2155 422 2221 K'rehlius
446 2162 576 2243 omniuo
592 2161 808 2225 Lindemanni
833 2161 1017 2246 exernplum
1042 2168 1173 2223 secutus
1190 2168 1247 2222 cst.
1285 2157 1528 2243 0000011010-

229 2257 409 2339 sordius,
434 2262 489 2347 qui
513 2261 629 2326 librum
652 2262 692 2326 de
713 2264 825 2327 metris
848 2262 991 2325 Terentii
1016 2262 1101 2324 inter
1124 2261 1299 2344 scriptores
1321 2258 1457 2322 Latinos
1481 2260 1528 2322 rei

229 2361 384 2424 metricae
406 2363 525 2441 edidit,
557 2365 730 2451 quiequam
752 2365 929 2451 praestitit,
967 2363 1025 2428 sed
1047 2384 1172 2427 omnem
1201 2361 1319 2426 librum
1347 2363 1411 2442 sic,
1444 2369 1481 2424 ut
1510 2382 1531 2423 a

229 2459 455 2526 Lindemauno
478 2464 583 2528 editus
607 2475 692 2545 erat,
715 2469 878 2553 repetivit.
929 2460 930 2464 ¹

315 2562 367 2627 De
389 2564 540 2647 consilio,
563 2567 648 2653 quod
672 2570 705 2631 in
730 2569 779 2631 his
799 2567 891 2631 libris
912 2565 1093 2629 scribendis
1110 2564 1298 2629 Priscianus
1316 2572 1448 2629 secutus
1465 2574 1528 2643 est,

229 2685 334 2749 pauca
357 2664 474 2729 dicam.
519 2690 593 2731 nam
616 2670 702 2755 quod
724 2671 759 2733 in
786 2668 1045 2733 institutionibus
1072 2667 1137 2731 sibi
1166 2674 1396 2754 proposuerat,
1422 2676 1459 2728 ut
1491 2688 1531 2729 ea

230 2786 314 2851 quae
333 2789 353 2829 a
371 2768 507 2832 Graecis
527 2772 749 2853 grammaticis
772 2773 906 2834 inventa
930 2778 1024 2834 erant
1049 2769 1092 2832 ad
1114 2791 1208 2832 usum
1232 2768 1373 2831 Latinae
1395 2766 1528 2851 linguae

230 2878 435 2933 converteret
455 2880 486 2934 et
508 2894 591 2957 quae
615 2884 701 2938 esset
723 2875 893 2959 utriusque
917 2872 1076 2935 sermonis
1101 2873 1252 2955 cognatio
1268 2879 1300 2932 et
1318 2869 1529 2932 necessitudo

232 2967 379 3052 doceret,
408 2972 494 3035 idem
517 2976 622 3037 tenuit
643 2975 676 3037 in
699 2975 760 3038 1110.
806 2998 881 3037 nam
904 2974 937 3036 in
962 2973 1043 3036 libro
1067 2973 1107 3035 de
1133 2972 1247 3057 figuris
1270 2990 1478 3035 numerorum
1497 2979 1530 3034 et

231 3070 320 3156 ipsas
343 3083 452 3155 notas,
475 3075 593 3160 quibus
617 3079 743 3140 numeri
763 3075 1042 3159 significarentur,
1063 3073 1236 3138 aGraecis
1252 3072 1430 3136 translatas
1445 3092 1528 3153 esse,

230 3193 386 3256 perverso
409 3198 487 3240 sane
509 3177 630 3240 iudicio
653 3200 748 3260 usus,
765 3170 998 3242 ¹demonstrare
1021 3184 1157 3238 conatus
1186 3184 1236 3238 est
1262 3184 1309 3255 et,
1340 3195 1423 3259 quae
1445 3175 1529 3238 ratio

229 3272 314 3337 inter
341 3297 490 3342 uurnmos
519 3287 551 3341 et
584 3280 729 3364 pondera
756 3279 974 3342 Romanorum
1005 3300 1043 3340 ae
1072 3276 1270 3341 Graecorum
1300 3275 1530 3356 intercederet,

231 3379 394 3461 exposuit.
438 3378 557 3464 quibus
580 3382 614 3444 in
634 3383 730 3444 rebus
753 3403 836 3467 quae
859 3380 900 3443 de
923 3380 1124 3443 Graecorum
1154 3377 1390 3442 consuetudine
1419 3376 1530 3464 dispu-

230 3478 327 3559 tavit,
350 3501 461 3543 eorum
484 3483 659 3544 maximam
683 3491 807 3568 partem
827 3504 868 3544 ex
885 3480 1033 3544 Dardani
1056 3479 1140 3543 libro
1161 3476 1237 3562 περὶ
1258 3477 1420 3560 σταθμῶν
1440 3499 1530 3541 reee-

231 3578 293 3663 pit,
317 3602 411 3665 quem
435 3581 484 3644 bis
509 3584 578 3668 ipse
599 3586 781 3647 nominavit
803 3606 834 3669 p.
859 3588 938 3648 1317
961 3592 993 3646 01
1018 3584 1112 3662 1319,
1133 3580 1232 3644 semel
1258 3579 1399 3645 loannes
1413 3578 1529 3664 Lydus

231 3678 272 3742 de
295 3702 396 3747 mens.
421 3705 452 3768 p.
476 3688 533 3764 511,
553 3687 593 3746 22
616 3685 667 3748 ed.
691 3685 812 3766 Boum,
841 3675 918 3748 dot
939 3678 1133 3765 Δαρδάνιος
1161 3682 1256 3768 (nam
1287 3683 1334 3744 sic
1358 3680 1405 3744 ibi
1428 3680 1531 3764 scrip·

231 3790 299 3844 tum
323 3784 393 3869 est)
417 3782 454 3846 ἐν
476 3785 521 3872 τῷ
540 3782 615 3864 περὶ
638 3786 798 3870 σταθμῶν
826 3788 942 3867 χιλίων
964 3777 1097 3868 ὀβόλων
1126 3781 1214 3866 λέγει
1240 3775 1343 3846 πάλαι
1370 3780 1531 3864 γενέσθαι

230 3874 269 3946 τὰ
288 3886 493 3967 μιλιαρίσιον
521 3884 577 3951 καὶ
602 3879 668 3951 eiad
697 3888 754 3970 τῆς
774 3883 923 3970 χιλιάδος
949 3887 1016 3950 τῶν
1041 3878 1174 3969 ὀβόλων
1202 3877 1309 3959 οὕτως
1337 3875 1532 3966 ὀνομασθῆ-

230 4007 305 4064 ναι;
327 3997 512 4073 1110010100,
545 3990 632 4076 quod
653 3991 772 4072 seiam,
796 4011 901 4053 neum.
948 3989 1005 4052 sed
1035 4011 1078 4051 ex
1104 3988 1145 4051 iis
1172 4009 1256 4074 quae
1278 3985 1399 4074 Lydus
1422 3984 1532 4048 adfert

231 4087 390 4175 adparere
412 4099 489 4176 puto
512 4092 675 4156 inferioris
698 4094 816 4156 aetatis
837 4093 1025 4176 scriptorem
1049 4099 1081 4153 et
1103 4090 1162 4154 vix
1185 4098 1300 4175 quarto
1322 4085 1452 4150 sacculo
1474 4109 1531 4151 an·

230 4190 404 4275 tiquiorem
426 4214 507 4257 esse.
551 4192 739 4258 Latinorum
766 4203 874 4257 autem
902 4193 1094 4278 scriptorum
1124 4190 1274 4276 exempla
1296 4191 1366 4275 ipse
1389 4186 1531 4251 Priscia-

230 4312 292 4353 nus
314 4296 523 4377 conposuisse
546 4295 686 4360 videtur.
731 4294 849 4359 deinde
873 4296 905 4356 in
928 4294 1012 4358 libro
1034 4294 1075 4358 de
1098 4293 1210 4356 metris
1232 4290 1378 4354 Terentii
1400 4288 1434 4353 id
1451 4290 1530 4372 egit,

232 4400 268 4454 ut
288 4391 418 4458 fabulas
440 4405 588 4461 veterum
617 4407 650 4460 et
670 4397 813 4459 maxime
835 4395 996 4477 Terentii,
1033 4396 1066 4459 in
1093 4416 1156 4481 quo
1181 4395 1251 4456 eius
1279 4392 1397 4455 aetatis
1421 4390 1532 4455 studia

232 4493 461 4576 versabantur,
496 4497 646 4562 versibus
669 4499 807 4584 scriptas
831 4519 902 4561 esse
922 4497 1176 4578 demonstraret,
1209 4519 1273 4558 non
1296 4493 1440 4578 pedestri
1465 4514 1530 4557 ser-

232 4615 342 4677 mone,
364 4620 428 4681 qua
451 4598 491 4662 de
514 4622 548 4664 re
572 4601 635 4663 iam
658 4608 733 4663 aute
750 4599 955 4663 Priscianum
977 4597 1119 4663 dubitari
1141 4606 1289 4682 coeptum
1305 4616 1378 4658 esse
1392 4603 1532 4658 constat.

233 4692 443 4762 illudentem
464 4701 512 4764 sie
533 4703 690 4783 instituit,
712 4710 747 4765 ut
769 4699 953 4765 libertatem
976 4698 1142 4787 quandam
1161 4720 1182 4761 a
1204 4697 1342 4762 Graecis
1364 4703 1532 4781 acceptam

233 4797 270 4861 in
291 4796 430 4863 effusum
451 4799 602 4867 licentiae
625 4805 767 4890 spatium
790 4802 958 4868 dilatatam
982 4822 1070 4884 esse,
1089 4808 1127 4865 ut
1148 4800 1211 4884 ait,
1235 4820 1255 4863 a
1275 4798 1406 4861 Latinis
1426 4797 1533 4883 poetis
1571 4838 1577 4850 ·
