3352 5490
263 318 325 379 tao
600 290 604 299 '
816 313 1001 374 entsunn

314 444 335 484 p.
351 430 408 471 tan.
424 429 449 470 ta
463 429 487 469 e.
1329 439 1354 480 p.
1367 426 1417 471 an.
1433 427 1471 469 tt.
1487 426 1520 469 κ.

212 509 246 560 oa
264 511 360 563 tamen
383 510 412 561 ot
434 501 487 559 dea
511 498 606 575 aliqua
629 498 768 576 intellegi.
795 496 905 558 scimus
931 499 1008 558 enim
1032 499 1111 575 qnod
1133 497 1313 576 Virgilius
1337 498 1368 558 in
1391 507 1480 559 sexto
1502 501 1576 559 Ae-

262 602 393 662 neidos
420 600 496 680 apud
519 600 630 660 interos
654 600 730 660 inter
747 608 877 660 innostra
902 598 1061 659 habitantia
1083 599 1112 658 in
1135 599 1270 659 taut-ibus
1291 599 1457 660 interorum
1481 600 1575 680 ponit

262 705 348 764 etiarn
366 722 452 763 curas
473 701 556 778 quasi
579 701 649 761 deas
674 700 796 778 aliquas,
819 701 920 761 dicens

414 803 553 864 Luctus
573 810 608 862 et
629 800 789 863 ultrices
809 820 969 881 posuere
993 801 1133 862 cubilia
1155 802 1282 862 Curae.

262 916 291 968 et
318 905 469 984 quaeritur
494 905 614 971 terbum
641 923 676 963 ex
702 889 739 962 re¹
757 923 794 963 an
816 922 864 963 res
890 922 925 963 ex
947 903 1034 962 verbo
1061 901 1211 964 nascitur?
1236 911 1264 962 ot
1286 902 1385 981 potins
1408 902 1593 964 anteceditt

262 1008 341 1068 rerbi
363 1013 446 1067 actus
470 1005 498 1064 in
522 1006 593 1079 boc,
614 1024 672 1083 quo
693 1004 756 1064 sine
779 1023 827 1063 res
852 1022 918 1064 esse
941 1023 999 1063 nou
1020 1013 1126 1084 potest.
1172 1023 1228 1064 nec
1244 1005 1319 1063 enim
1344 1023 1451 1065 cursus
1474 1003 1597 1065 intel·-

261 1109 317 1186 lcgi
340 1114 439 1188 potest
465 1105 528 1166 sine
556 1115 692 1165 cttrrente
723 1124 778 1165 nec
805 1104 941 1181 cogitatio
968 1105 1031 1165 sine
1056 1106 1217 1183 cogitante:
1249 1105 1384 1183 sicergo
1407 1124 1465 1165 nec
1490 1124 1567 1166 cura

261 1214 326 1272 siue
353 1216 483 1270 curante.
528 1207 641 1267 ridetur
670 1225 740 1284 ergo
768 1225 835 1266 esse
860 1205 1048 1266 derivativum
1072 1205 1187 1267 verbale
1216 1225 1232 1266 a
1261 1202 1350 1266 verbo
1373 1226 1446 1267 cmo
1470 1224 1566 1267 curas

261 1322 352 1374 circat.
398 1309 451 1369 llic
477 1308 593 1369 nomina
623 1308 778 1385 derivativa
807 1327 841 1367 ex
868 1326 912 1367 eo.
958 1308 1098 1368 tloriosns
1126 1307 1283 1385 curatrolus
1305 1316 1424 1368 curator
1443 1307 1565 1368 curatio

174 1418 178 1428 '
262 1420 395 1475 curatura
418 1410 497 1470 curia
518 1408 655 1483 cut·ialis;
678 1409 839 1487 composita
858 1427 980 1468 securus
1000 1427 1101 1469 scurra
1119 1408 1263 1469 obscuros
1285 1408 1481 1470 triscurriont.
1531 1418 1602 1472 etto

261 1515 378 1594 qnidam
402 1519 504 1590 putant
526 1510 563 1570 ab
582 1529 616 1571 eo
639 1529 738 1571 curatn
761 1509 834 1583 dici,
855 1510 932 1586 qood
956 1529 1007 1570 cor
1029 1511 1127 1588 agitat..

887 1745 919 1795 V.

495 1884 636 1925 lurcatur
654 1885 781 1924 MEDlVM
800 1885 924 1925 AENEAS
944 1886 1001 1925 tant
1023 1885 1144 1927 CLASSE
1162 1886 1322 1926 nonnum.

207 2035 242 2087 93
346 2019 461 2081 Scande
485 2036 609 2078 turcum.
655 2018 750 2078 lutere
788 2018 898 2079 antedi
944 2022 1088 2078 urnttene
1132 2019 1238 2080 asiam
1276 2018 1370 2078 classe
1387 2026 1415 2078 te
1453 2018 1557 2080 nebat.

259 2126 338 2196 Quot
360 2121 449 2182 babet
476 2118 636 2180 caesuras?
670 2121 769 2180 Vnam.
814 2118 930 2190 Quam?
968 2120 1261 2199 Semiseptenarinnr,
1284 2120 1394 2180 interea
1421 2119 1555 2193 predium
1572 2142 1596 2182 tt

258 2230 380 2288 deneas,
425 2223 504 2293 Quot
526 2222 685 2298 tigurarum
713 2218 780 2280 est?
809 2220 927 2281 llecetn.
972 2221 1061 2282 babet
1085 2222 1163 2281 enirn
1185 2231 1246 2283 tres
1270 2220 1400 2299 dactylos
1422 2230 1450 2279 et
1479 2220 1558 2281 duos

259 2326 418 2407 spondeos.
463 2320 584 2403 Tr·al{cta
612 2322 745 2401 singulus
773 2322 872 2400 pedoS.
919 2323 1032 2383 loterca
1062 2332 1090 2382 et
1113 2332 1220 2384 cetera.
1265 2325 1342 2392 Quot
1364 2331 1464 2400 partes
1487 2341 1557 2383 ora·

258 2429 346 2490 tionis
377 2426 465 2486 babet
498 2425 547 2485 bic
576 2422 699 2485 versus?
745 2424 810 2483 Sex.
861 2424 952 2494 tlnot*
972 2423 1111 2484 nomina?
1152 2424 1227 2484 Tria.
1276 2422 1380 2493 Quae?
1424 2423 1555 2485 bledittm

258 2534 372 2592 Aeneas
388 2528 491 2588 classe.
537 2530 615 2597 Quot
643 2523 750 2586 verba?
782 2524 889 2593 l‘nrnn,
916 2526 1042 2586 tenebat.
1080 2524 1278 2597 cuilatico?
1320 2525 1383 2586 [luo
1406 2525 1554 2591 aut-eruta.

260 2634 369 2693 interea
393 2637 421 2690 et
443 2628 511 2688 iam.
550 2625 807 2703 Tractapittgulas
827 2633 933 2706 partes.
1563 2653 1590 2692 20

208 2747 242 2799 94
344 2732 491 2791 Interea
513 2747 589 2807 quae
609 2713 679 2807 pars'
697 2728 837 2789 orationis
863 2727 928 2790 est?
967 2728 1151 2789 Adrorbiutn.
1194 2729 1269 2800 Quid
1291 2724 1337 2788 e'st
1357 2726 1555 2789 adverbium?

260 2836 330 2896 Pars
355 2832 496 2893 orationis
516 2839 545 2890 et
563 2839 669 2891 cetera.
712 2829 790 2900 Quot
810 2830 944 2890 accidunt
966 2828 1123 2891 adverbio?
1145 2831 1227 2904 Tria,
1247 2829 1419 2907 significatio
1435 2831 1553 2909 specics

259 2939 361 3015 figura.
402 2952 468 2994 nam
493 2931 671 3011 comparatio
691 2940 811 2991 nonest
832 2930 968 3009 gencrale
988 2932 1125 2992 accidens
1147 2932 1227 2992 omni
1247 2931 1399 3003 adverbio,
1421 2932 1551 3010 speciem

259 3047 356 3099 autem
389 3034 487 3097 omnia
519 3032 628 3093 babent
659 3032 804 3092 adverbia.
843 3042 912 3094 suot
944 3033 1022 3093 enim
1055 3033 1099 3094 rel
1134 3032 1276 3113 primitiva
1307 3033 1350 3092 tel
1383 3032 1549 3093 derivativa.

260 3140 349 3201 Cuius
370 3135 590 3215 significationis
611 3143 657 3195 est
677 3134 735 3194 boc
757 3133 945 3195 adverbium?
984 3135 1163 3214 Temlporis;
1194 3143 1290 3214 potest
1312 3143 1408 3195 tamen
1433 3153 1499 3195 esse
1520 3144 1551 3196 et
1561 3160 1588 3200 at

259 3241 324 3301 loci.
370 3239 460 3300 Cuius
488 3245 532 3297 est
554 3233 683 3316 speciei?
723 3236 917 3299 lleriratitao:
948 3236 984 3296 ab
1005 3237 1033 3296 in
1056 3237 1134 3296 enim
1153 3237 1409 3309 tlerit·atur.intet·‚
1427 3230 1467 3297 'ex
1491 3255 1551 3314 quo

259 3343 315 3402 boc
340 3339 509 3402 adverbium
535 3338 729 3416 componitur.
771 3337 861 3398 Cuius
890 3346 935 3398 est
956 3335 1092 3416 figurae?
1123 3338 1317 3418 Compositoe.
1357 3338 1400 3399 Ex
1422 3337 1550 3416 quibus?

259 3443 302 3504 Ex
331 3444 446 3519 integro
470 3449 498 3500 et
523 3445 678 3518 corrupto,
706 3440 782 3500 inter
807 3448 836 3499 et
863 3458 905 3499 ea.
949 3438 1013 3500 ideo
1042 3447 1138 3501 autem
1164 3449 1335 3520 corruptum
1358 3440 1484 3500 dicimus
1504 3459 1550 3513 ea,

258 3545 340 3623 quia,
368 3542 491 3602 comsit
513 3549 647 3601 neutrum
668 3541 793 3621 plurale,
819 3541 925 3620 corripi
945 3541 1054 3601 debuit.
1091 3541 1153 3602 sed
1164 3543 1231 3620 qnia
1253 3543 1361 3602 lactum
1383 3550 1428 3602 est
1447 3541 1553 3602 adver·

258 3647 352 3717 biom,
376 3643 512 3723 producit
529 3662 554 3702 a.
591 3643 620 3703 in
644 3643 723 3703 omni
744 3643 822 3703 eninr
843 3642 978 3702 adverbio
1000 3663 1015 3702 a
1040 3642 1135 3704 finalis
1156 3645 1328 3723 producitur
1354 3651 1477 3724 excepto
1497 3643 1585 3704 itam

259 3755 356 3826 potest
383 3755 479 3805 tanton
506 3753 534 3805 et
566 3745 707 3805 ablativus
736 3743 863 3822 intellegi
897 3744 1067 3822 singiduno,
1097 3744 1146 3823 qui
1173 3746 1202 3805 iu
1232 3745 1446 3825 compositione
1473 3745 1551 3805 solet

257 3846 459 3909 huiuscemodi
482 3845 618 3919 inveniri,
642 3853 673 3907 nt
691 3846 826 3923 quocirca
848 3853 1036 3925 quapropter.

207 3970 241 4020 05
341 3949 494 4010 llediunr
517 3966 591 4026 quae
614 3948 843 4027 persecutionis
866 3946 931 4008 est?
954 3946 1076 4008 Nomen.
1116 3948 1191 4020 Quid
1214 3956 1259 4009 est
1281 3946 1408 4009 nomen?
1436 3948 1551 4008 Secun-

327 4156 339 4205 l
361 4155 392 4202 de
410 4154 495 4215 aliqua
512 4166 539 4199 re
558 4152 666 4217 intelligi
684 4149 704 4200 S
727 4151 759 4200 de
781 4152 831 4201 alia
849 4169 875 4200 re
895 4152 1001 4216 intelligi
1020 4167 1036 4208 ς
1116 4153 1132 4204 ³
1152 4154 1239 4203 dicens
1259 4155 1352 4203 Luctus
1371 4164 1395 4202 et
1412 4169 1458 4206 ont.
1479 4154 1522 4204 GS
1542 4170 1548 4203 ε

260 4226 339 4287 Verp.
360 4224 424 4272 Aen.
447 4223 478 4270 l'l
498 4222 548 4270 att
588 4247 590 4253 ·
620 4225 726 4270 ttactus
745 4220 790 4284 qd*
804 4243 861 4271 tm
880 4230 960 4279 tcorr.
982 4237 1031 4285 qno
1051 4219 1119 4285 sine)
1139 4240 1180 4272 res
1198 4226 1218 4271 S
1235 4235 1306 4272 actos
1325 4227 1349 4271 in
1368 4224 1416 4272 boc
1436 4225 1547 4286 nomine,

256 4296 313 4356 quin
334 4294 388 4342 sinc
405 4306 465 4347 [ες
535 4289 615 4338 onio
631 4317 667 4328 —-
688 4290 714 4340 ll
737 4293 815 4354 agitat
837 4308 882 4341 ont.
901 4292 922 4339 S
975 4292 1005 4341 10
1028 4308 1133 4342 securus
1156 4309 1243 4341 scnrm
1262 4295 1411 4343 obscurat}
1441 4309 1548 4343 securus

256 4378 346 4412 securo
364 4363 488 4411 obscurus
507 4361 528 4410 C
597 4360 725 4409 tricorium
745 4374 761 4415 ς
786 4363 930 4411 triscurium
949 4376 981 4410 ex
1000 4362 1096 4426 triplice
1113 4372 1138 4412 et
1155 4378 1215 4411 eura
1230 4403 1235 4413 .
1248 4372 1272 4410 et
1291 4363 1383 4412 dicitur
1401 4364 1548 4412 triscnritun

256 4433 329 4495 qttnsi
353 4431 445 4495 triplex
471 4439 495 4477 et
519 4428 651 4494 multiplex
674 4431 858 4496 euro.triplex
879 4432 945 4480 euim
972 4447 1017 4496 pro
1037 4431 1168 4497 multiplici
1189 4433 1304 4497 ponitur,
1325 4432 1401 4481 relnti
1421 4432 1548 4481 ternarius

256 4515 392 4560 numerus,
411 4499 454 4563 qui
478 4514 524 4563 pro
544 4499 675 4564 multiplici
690 4499 805 4548 similiter
823 4501 993 4564 ponitttr.vel
1012 4502 1156 4550 triscurium
1176 4517 1258 4565 genus
1277 4514 1315 4551 est
1332 4501 1383 4549 ludi
1403 4512 1426 4549 ct
1446 4502 1512 4550 venit
1532 4516 1548 4549 o

255 4585 315 4619 cora
333 4570 357 4617 L
447 4567 474 4617 ll
497 4568 565 4631 qnod
583 4582 626 4616 eor
643 4576 698 4617 tuot
716 4569 756 4616 nel
773 4570 852 4633 agitet
871 4583 887 4624 ς
977 4571 1007 4620 12
1027 4585 1226 4622 coaltercantur
1245 4585 1368 4620 entsctarr
1388 4585 1546 4620 onauuartct

257 4655 281 4691 nt
304 4653 403 4689 Putrtctt
427 4651 524 4686 censen
551 4653 640 4693 ociori
666 4652 736 4688 ttoni
760 4653 883 4689 anacteos
907 4655 973 4691 ristr
997 4655 1104 4690 onotrcn
1131 4654 1239 4688 rrcsonn
1264 4655 1298 4691 mr
1322 4655 1420 4688 entuctt
1447 4655 1547 4688 oensutt

255 4723 343 4765 outnrt
361 4708 466 4756 ttotuO
489 4721 582 4755 census
602 4722 692 4763 ocanni
713 4722 779 4756 ttoni
799 4723 897 4758 rtnrrus
919 4725 964 4758 est
984 4711 1005 4760 G
1024 4725 1072 4759 tto.
1088 4725 1111 4759 r.
1136 4708 1251 4759 mcnuS
1319 4708 1352 4760 32
1371 4709 1488 4772 quocirca
1504 4709 1547 4759 Cb'

255 4793 324 4828 corr.
344 4774 494 4840 quocircaS
511 4776 631 4838 quocirca
647 4789 664 4831 ς
