3352 5490
455 367 703 429 Paurtrtonns
725 366 777 428 xit
799 366 904 427 t'nttS.
923 366 1006 445 lanf.
1027 367 1083 428 Vll.
1109 375 1252 431 raa-137
1442 363 1500 425 tat

263 496 283 536 p.
297 482 425 523 raasson.
1294 478 1453 532 para-asir.

211 563 241 615 et
274 554 560 632 semiseptenariam,
594 562 625 613 tu
656 571 774 631 qnoque
811 553 944 613 litoribus
972 553 1090 613 nostris.
1137 553 1215 622 Quot
1248 555 1405 629 figurarum
1441 548 1506 610 est?

211 657 335 729 lloeem;
352 655 439 715 habel
457 655 534 714 enim
554 664 613 715 tres
630 654 760 732 ‹lactylos
783 663 812 714 et
831 654 905 714 duos
928 654 1084 733 spondeos
1122 653 1226 714 Tracta
1249 653 1381 731 singulos
1404 652 1505 732 pedes.

211 759 373 836 'l'uqnoque
401 765 429 816 et
451 765 556 816 cetera.
592 759 596 833 l
630 756 708 827 Quot
732 756 820 816 itabat
849 764 947 836 partes
976 752 1137 816 orationis?
1163 756 1229 814 Sex.
1267 755 1345 825 Quot
1368 751 1506 813 nomina?
1545 794 1550 802 ·

212 860 295 931 Tria,
328 858 462 918 litoriltus
487 857 593 918 Aeneia
617 857 721 917 nutrix.
768 857 846 928 Quot
868 855 1061 934 pronomina?
1103 857 1183 928 lino,
1207 864 1236 916 tu
1260 856 1379 917 nostris.
1429 854 1506 926 Quid

192 958 312 1020 aaliutl?
335 959 595 1057 Cottitpnctiouem,
619 977 745 1036 qaoque.
786 959 890 1019 Tracta
910 958 1040 1036 singulas
1057 966 1164 1038 partes.

298 1061 345 1120 Ta
369 1078 443 1138 quae
466 1079 534 1138 pars
556 1059 696 1120 orationis
715 1059 781 1120 est?
822 1060 996 1120 Prooonren.
1039 1058 1114 1131 uota
1140 1070 1185 1120 est
1208 1058 1391 1139 pronomen?
1435 1059 1506 1119 l'ars

213 1162 353 1223 orationis
378 1180 453 1240 quae
481 1180 534 1240 pro
556 1161 674 1221 uomina
699 1162 792 1240 posita
815 1161 985 1221 tantundem
1009 1178 1102 1240 paene
1125 1162 1270 1239 signilirat
1292 1178 1507 1240 personamque

212 1264 325 1343 recipit.
370 1264 434 1324 itleo
456 1272 553 1323 autem
576 1281 683 1342 paene,
707 1264 774 1341 quia
794 1263 986 1324 substantiam
1007 1271 1120 1322 tantum
1142 1263 1302 1340 signifieat,
1329 1282 1388 1322 non
1410 1271 1506 1322 tamen

213 1366 300 1426 etiam
320 1365 506 1443 qualitatem,
528 1364 674 1440 quomodo
695 1384 811 1425 nomen.
857 1364 932 1424 bene
951 1364 1040 1441 igitur
1060 1363 1193 1424 videntur
1213 1365 1319 1425 iecisse
1336 1364 1384 1442 qui
1405 1382 1507 1425 taren·
1525 1377 1574 1431 136

180 1468 253 1527 tatia
282 1467 417 1545 personis
447 1462 552 1548 linilltis
580 1476 717 1545 separant
740 1487 756 1526 a
783 1466 1021 1546 pronominibus;
1047 1484 1114 1526 nam
1137 1485 1299 1546 pronomen
1322 1466 1439 1546 proprie
1463 1473 1508 1526 est

214 1568 291 1647 quoti
316 1588 367 1646 pro
397 1568 516 1627 nomine
542 1567 660 1646 proprio
689 1568 817 1647 ponitur.
862 1568 960 1645 itaque
981 1568 1047 1644 quia
1071 1567 1188 1647 propria
1214 1568 1331 1626 nomina
1356 1568 1422 1647 plus
1443 1567 1507 1627 aliis

212 1669 349 1729 omuibus
371 1669 539 1728 nonnullius
558 1668 637 1728 linita
656 1677 724 1728 sunt
746 1671 868 1744 (aeriam
892 1669 968 1728 enim
990 1687 1051 1728 rem
1070 1669 1195 1747 aliquam
1221 1669 1415 1746 significant),
1440 1688 1508 1748 pro·

213 1790 319 1831 nomen
341 1788 476 1847 quoque,
504 1769 582 1847 quod
611 1769 677 1830 loeo
710 1770 817 1849 proprii
842 1769 1147 1849 nominisaeeipitur,
1171 1770 1259 1829 tiebat
1281 1769 1377 1830 linitas
1399 1769 1507 1831 habere

212 1892 365 1953 personas.
411 1880 480 1932 sunt
505 1872 594 1949 igitur
617 1872 805 1950 pronomina,
833 1872 870 1931 tle
893 1871 999 1949 quilius
1019 1871 1095 1931 nulla
1118 1871 1258 1933 dtrbitatio
1278 1880 1338 1944 est,
1365 1872 1507 1951 primitiva

183 1975 334 2054 taquitlem
358 1974 468 2053 primae
490 1991 634 2053 personae
656 1991 711 2050 ego
734 1981 762 2032 et
785 1973 894 2050 oltliqui
922 1991 1007 2033 casus
1030 1972 1160 2033 eiustiem
1183 1970 1379 2051 pronominis,
1403 1991 1509 2034 serua·

160 2069 164 2077 ’
213 2080 268 2137 tiae
290 2085 338 2147 tu,
368 2075 470 2135 tertiae
498 2094 565 2134 rero
594 2093 661 2146 sex,
690 2074 734 2134 sui
756 2074 804 2133 ille
826 2073 882 2134 iste
905 2075 953 2134 irie
980 2075 1005 2134 is
1027 2075 1108 2154 ipse;
1131 2075 1283 2134 derivativa
1307 2075 1419 2153 primae
1441 2092 1508 2152 per·

197 2173 304 2238 'sonae
331 2197 415 2237 meus
450 2183 551 2236 noster
578 2186 710 2247 nostras,
744 2176 891 2236 secuntiae
919 2185 988 2236 tuns
1015 2184 1112 2235 tester
1138 2185 1265 2248 vestrm,
1295 2175 1396 2235 tertiae
1424 2193 1506 2235 suus.

213 2281 286 2341 haee
307 2287 365 2338 tam
384 2277 461 2358 apud
480 2295 536 2337 nos
558 2296 646 2356 quam
668 2276 744 2355 aputl
761 2279 889 2337 Graec-os
910 2277 1081 2356 pronomina
1100 2276 1136 2335 ab
1159 2275 1295 2336 omuibus
1313 2277 1505 2356 accipiuntur.

214 2391 309 2442 cetera
332 2400 415 2452 vero,
439 2398 515 2457 quae
537 2389 607 2440 strat
628 2379 739 2439 introita
760 2378 804 2437 vel
827 2378 1031 2455 interrogativa
1051 2377 1094 2437 rel
1113 2376 1230 2438 relativa
1256 2377 1439 2439 substantiae
1461 2377 1504 2438 tel
1527 2386 1575 2440 tat

179 2482 361 2561 aequalitatis
383 2481 426 2541 rel
449 2481 619 2558 quantitatis
641 2480 683 2539 rel
707 2480 822 2541 numeri
841 2514 884 2525 -
904 2480 1084 2540 substantiae
1105 2479 1259 2540 inimitinnt
1282 2480 1326 2539 rel
1347 2481 1508 2559 iuterroga-

213 2584 301 2644 timm
325 2583 411 2660 quis,
432 2582 582 2662 relativum
606 2582 676 2659 qui:
700 2579 850 2658 qualitatis
871 2581 1108 2657 interrogativum
1131 2582 1175 2642 rel
1197 2582 1343 2643 inlinitum
1367 2581 1410 2643 rel
1432 2583 1508 2643 rela-

212 2687 301 2746 tivum
325 2684 419 2761 qualis
444 2683 602 2760 (signilicat
630 2682 707 2742 enim
729 2687 815 2754 ποῖος
836 2683 1017 2762 paenultima
1036 2684 1237 2744 eireumlletto·
1250 2691 1278 2743 et
1299 2680 1384 2756 ποιός
1406 2683 1507 2745 ultiuto

212 2795 299 2846 aeuto
329 2795 358 2845 et
382 2775 496 2862 ὁποῖος)
505 2831 518 2872 ,γ
536 2785 710 2845 redtlitirunt
730 2783 811 2859 talis;
835 2785 1014 2867 quantitaftis
1037 2785 1274 2862 interrogativum
1298 2784 1341 2845 rel
1363 2786 1507 2847 inlinitum

212 2888 256 2946 rel
280 2887 428 2947 relativum
453 2895 579 2965 quantus
606 2886 764 2963 (signifieat
797 2887 873 2946 enim
903 2881 993 2957 πόσος
1019 2886 1199 2966 paenultima
1228 2896 1333 2960 acuto,
1361 2887 1439 2964 quod
1462 2896 1508 2948 est

178 2989 464 3067 reinterrogatirum,
488 2996 517 3047 et
537 2981 627 3058 πισός
650 2988 751 3048 ultimo
774 2996 875 3060 acuto,
894 2989 971 3065 quoti
995 2997 1041 3049 est
1058 2987 1219 3062 inlinitum,
1239 2997 1268 3048 et
1289 2979 1407 3063 ὁπόσος,
1429 2990 1507 3068 quoti

296 3179 310 3226 7
329 3189 515 3240 personamque
536 3174 661 3224 interdum
681 3175 807 3239 reeipitS
890 3175 1075 3225 tluideuturS
1100 3175 1201 3224 uitietur
1216 3176 1257 3224 OG
1343 3176 1371 3224 t0
1387 3193 1444 3227 narn
1459 3194 1507 3228 orn.

213 3246 255 3295 CG
327 3244 360 3293 20
378 3245 475 3292 numeri
491 3245 574 3310 magis
591 3245 691 3292 nomina
705 3243 813 3301 diceudo
833 3255 891 3294 sunt
907 3260 981 3308 quant
997 3246 1146 3310 pronomina
1165 3245 1224 3308 quia
1238 3261 1284 3310 per
1302 3261 1392 3296 nomeu
1406 3246 1437 3295 tle
1453 3248 1507 3296 sola

212 3315 352 3365 stabstantin
374 3313 401 3362 lit
420 3314 585 3377 interrogatio
603 3313 625 3361 L
695 3313 735 3360 uel
755 3313 965 3378 iuterrogatiuum
981 3326 1006 3364 ut
1025 3314 1081 3375 quis
1101 3315 1234 3363 relatiuam
1256 3315 1295 3363 uel
1314 3317 1465 3365 redditiuum
1481 3327 1507 3366 ut

213 3384 255 3448 qui
277 3379 405 3446 qualitatis
423 3382 633 3447 interrogatiuum
653 3382 692 3430 uel
716 3382 866 3432 iollnitinnut
886 3386 926 3433 uel
946 3383 1079 3432 relatiuam
1099 3384 1181 3446 qualis
1200 3383 1325 3448 siguificat
1346 3387 1412 3435 enim
1430 3400 1508 3438 uotoc

213 3453 351 3520 pennltimo
365 3463 437 3500 acuto
451 3460 475 3499 et
491 3465 565 3501 roroc
582 3452 669 3501 ultimo
682 3463 755 3499 acuto
770 3463 793 3500 et
807 3467 902 3502 onotoc
918 3453 1074 3502 retitiitinum
1087 3454 1126 3502 uel
1143 3454 1273 3502 relatiuam
1289 3454 1345 3503 talis
1361 3455 1507 3519 quantitatis

211 3522 424 3587 interrogantium
445 3521 485 3569 uel
506 3521 630 3569 inlinitum
647 3521 686 3569 uel
701 3520 833 3570 relatiuum
848 3532 932 3572 tantus
951 3523 1047 3571 numeri
1062 3523 1274 3586 interrogatorum
1290 3524 1329 3572 uel
1343 3525 1468 3573 inlinitum
1484 3534 1508 3574 et

211 3592 344 3641 relatiuam
363 3603 423 3653 quot
438 3591 565 3654 siguilieat
583 3591 651 3640 euim
665 3604 782 3640 ronacoc
801 3592 938 3656 penultimo
956 3601 1030 3641 acuto
1049 3601 1074 3640 et
1093 3593 1181 3640 ultimo
1201 3593 1267 3654 quoti
1289 3604 1327 3642 est
1345 3593 1469 3642 inlinitum
1483 3604 1508 3645 et

211 3675 312 3711 unococ
331 3661 398 3721 quoti
414 3660 602 3710 estfrelotiunm
618 3660 771 3709 redditurum
788 3661 826 3709 uel
841 3662 973 3710 relatiuam
993 3671 1027 3711 tot
1049 3671 1133 3711 tantus
1148 3662 1244 3710 uttnreri
1260 3664 1468 3728 ianarrogannnm
1483 3675 1507 3713 et

212 3730 336 3779 inlinitum
357 3728 381 3777 el
398 3730 530 3777 relatiuam
550 3738 610 3791 quot
629 3728 756 3794 signilicat
776 3732 842 3778 enirn
861 3745 945 3781 nacon
964 3732 1101 3796 penultimo
1119 3742 1192 3780 aenio
1215 3741 1238 3778 et
1259 3732 1371 3781 ultimam
1388 3733 1455 3794 quoti
1470 3742 1509 3782 est

211 3799 339 3848 inlinitum
352 3812 375 3847 et
388 3813 489 3848 orroeon
503 3799 570 3860 quoti
583 3798 717 3848 relatiuam
732 3800 883 3848 retlditinom
897 3809 932 3850 tot
947 3801 1108 3849 diriuatinum
1123 3802 1287 3851 diriuatiutnn
1301 3803 1333 3850 ob
1345 3816 1376 3851 eo
1390 3803 1456 3863 quod
1470 3812 1509 3852 est

211 3870 269 3931 quis
284 3870 304 3918 C
319 3868 356 3916 uel
369 3869 579 3931 intorrogartaant
593 3878 619 3917 ut
636 3870 693 3930 quis
708 3869 840 3918 relatiuam
858 3880 884 3918 ut
899 3870 942 3934 qui
958 3871 1085 3932 qualitatis
1101 3871 1314 3935 iuterrogatiuum
1329 3871 1368 3920 uel
1382 3872 1508 3921 inlinitum

210 3937 250 3986 uel
270 3938 401 3986 relatiuam
418 3937 500 3999 qualis
513 3937 641 4001 signifieat
657 3938 723 3986 eninr
738 3952 816 3988 notor
831 3940 969 4004 penultimo
982 3951 1055 3987 acuto
1069 3938 1140 3999 (ariri.
1159 3945 1182 3988 ia
1195 3955 1272 4003 lamp.
1291 3951 1314 3987 et
1327 3955 1405 3989 notoc
1421 3941 1507 3988 ultimo

211 4016 284 4057 acuto
302 4018 325 4054 ot
345 4020 439 4056 onotoc
455 4004 608 4056 reddiriuum
627 4007 683 4054 talis
701 4009 848 4067 ‹pirantitatis
863 4010 1071 4071 interrogativum
1086 4008 1209 4056 ittlitntum
1227 4010 1265 4057 nel
1280 4009 1412 4057 relatiuam
1427 4023 1507 4070 quau·

210 4087 252 4126 tus
272 4076 399 4141 signifieat
413 4075 479 4122 enim
494 4088 609 4125 ronococ
628 4076 765 4140 penultimo
784 4076 872 4134 acuto)
887 4077 954 4138 quoti
969 4088 1008 4126 est
1025 4075 1150 4125 inlinitum
1169 4088 1193 4125 et
1211 4092 1273 4127 orac
1288 4077 1354 4140 quoti
1370 4089 1408 4126 est
1422 4078 1507 4126 relati-

209 4160 269 4195 num
285 4145 438 4193 retitlitittum
461 4154 545 4192 tantus
566 4145 663 4192 numeri
681 4146 891 4209 interrogantium
912 4155 937 4193 et
954 4145 1079 4193 inlinitum
1100 4155 1124 4193 et
1145 4147 1277 4194 relatiuam
1300 4158 1359 4208 quot
1380 4146 1507 4211 signifieat

210 4216 276 4264 enim
289 4228 375 4264 nacon
394 4224 475 4272 teorr.
495 4213 593 4271 nococ)
608 4213 745 4276 penultimo
767 4227 840 4262 acino
859 4214 926 4276 «quoti
942 4224 979 4262 est
995 4215 1120 4263 inlinitum
1135 4224 1160 4263 et
1173 4229 1273 4265 onoron
1289 4214 1355 4278 qnod
1371 4227 1408 4263 εει
1423 4216 1506 4265 relati-

210 4299 270 4332 uum
289 4284 441 4332 retitlitiutnn
464 4292 499 4330 tot
517 4283 658 4330 diriuaatur
676 4283 707 4330 alr
724 4298 754 4331 eo
776 4283 843 4345 quoti
859 4294 897 4333 est
916 4285 1010 4346 qtttsG
1030 4284 1069 4332 uel
1084 4285 1212 4346 qualitatis
1225 4285 1434 4348 interrogatiuum
1449 4286 1507 4348 quis

210 4353 345 4403 relatiuam
370 4352 412 4414 qui
433 4352 643 4416 interrogatiuum
662 4352 701 4399 uel
729 4351 855 4401 inlinitum
880 4353 918 4401 uei
940 4354 1073 4401 relatiuam
1093 4353 1174 4415 qualis
1194 4354 1322 4418 signitieat
1340 4356 1407 4402 euim
1429 4369 1507 4406 natac

210 4424 347 4489 penultimo
367 4432 440 4470 acuto
460 4433 519 4480 torm
542 4435 594 4469 err.
613 4421 838 4485 iuterrogatinum)
856 4434 879 4471 et
897 4436 977 4472 norae
993 4423 1081 4470 altimo
1093 4433 1166 4470 acuto
1181 4431 1249 4482 (neap.
1264 4438 1314 4470 ter.
1329 4423 1428 4472 inlinitu
1441 4423 1467 4487 ··)
1482 4433 1507 4472 et

210 4506 306 4543 anotoc
324 4492 391 4552 (sup.
403 4506 454 4539 ser.
471 4491 617 4546 relatiuam)
631 4493 687 4538 eius
701 4482 853 4539 ratlditinuin
871 4491 927 4541 talis
940 4492 1088 4552 quantitatis
1100 4492 1309 4557 iuterrogatiuum
1324 4495 1362 4540 uel
1381 4495 1505 4542 inlinitum

210 4563 249 4609 uel
266 4562 399 4609 relatiuam
416 4569 525 4622 quantus
539 4560 666 4624 signillcat
684 4561 750 4607 enim
766 4574 881 4611 ronocor
895 4560 1035 4624 penultimo
1048 4571 1121 4609 actito
1134 4566 1201 4620 tsttp.
1216 4578 1267 4609 aar.
1281 4562 1348 4623 quoti
1365 4575 1414 4611 estt
1429 4565 1506 4611 inter·

210 4631 354 4695 rogatiunm
370 4630 456 4678 altimo
472 4639 545 4681 acuto
565 4642 648 4678 nococ
667 4630 733 4693 quod
755 4637 792 4677 est
806 4629 931 4678 infinitum
944 4636 968 4677 et
983 4643 1046 4679 ocae
1060 4630 1192 4678 relatiuam
1213 4631 1367 4680 radtlitiuum
1381 4633 1435 4681 eius
1450 4641 1506 4681 tau·

209 4709 250 4749 ιιιε
269 4701 366 4747 nitran-ri
387 4700 596 4762 iuterrogatiuum
616 4708 640 4747 et
660 4699 783 4746 inlinitum
803 4711 826 4747 et
841 4699 976 4747 relatiuam
990 4707 1051 4761 quot
1067 4700 1194 4763 signifieat
1208 4702 1353 4749 animum
1367 4702 1506 4766 penultimo

209 4778 315 4817 aeremu
334 4776 409 4817 acuto
426 4781 505 4816 nacor
526 4767 593 4830 qnod
613 4777 650 4816 est
667 4769 799 4830 relatiuam
819 4768 971 4817 retlditiuutn
991 4768 1046 4816 eius
1067 4777 1103 4819 tot
1121 4768 1266 4820 dirioautur
1282 4772 1359 4820 abeo
1379 4772 1446 4834 quod
1467 4780 1506 4821 est

211 4839 302 4900 quisS
356 4838 388 4886 :¹2
407 4835 579 4902 eireumllexop
596 4838 631 4899 of.
649 4839 747 4900 pilli,
770 4839 801 4890 ill
