3352 5490
217 337 280 401 398
301 375 304 381 ·
759 334 971 399 PRAEFATIO

216 526 327 610 itaque
351 519 550 607 principales
583 542 698 585 versus
726 519 896 584 duodecim
930 518 1085 584 librorum
1115 518 1281 585 Aeneidos
1309 519 1356 583 ita
1384 519 1517 582 omnino

217 624 386 703 tractavit,
408 623 501 706 quasi
524 624 557 684 in
581 620 701 685 scholis
723 622 808 684 inter
829 628 1074 706 praeceptorem
1093 631 1126 685 ct
1147 620 1344 707 discipulum
1364 643 1417 683 res
1441 643 1518 706 agc-

217 735 317 789 retur.
362 745 437 786 nain
461 721 541 785 nibil
564 724 634 807 agit
656 722 902 786 Lindernannus
923 723 956 785 in
977 721 1080 786 Prisc.
1102 744 1154 810 op.
1178 725 1254 786 min.
1277 745 1310 807 p.
1333 726 1412 804 355,
1442 742 1518 784 eum

218 827 301 890 bane
323 824 548 909 interrogandi
576 832 621 914 et·
636 822 854 909 respondendi
880 807 1038 887 rationem
1067 844 1131 887 non
1157 845 1178 886 a
1199 823 1367 887 Prisciano
1389 823 1517 909 profec-

219 937 302 1010 tam,
330 927 389 990 sed
412 924 541 1007 Caroli,
564 925 765 989 Francorum
789 926 893 1008 regis,
923 931 1030 987 aetate
1053 925 1086 988 in
1109 923 1209 988 libros
1229 926 1517 1008 grammaticorum

218 1031 382 1095 invectam
412 1049 484 1090 cssc
512 1028 688 1090 existimat.
733 1027 886 1088 nimirum
915 1025 970 1089 ille
997 1028 1030 1088 in
1059 1025 1120 1088 liae
1151 1047 1279 1118 quoqup
1306 1048 1340 1089 re
1370 1027 1517 1090 Graecos

218 1129 448 1216 grammaticos
470 1136 600 1191 secutus
623 1136 688 1208 est,
716 1148 798 1213 quos
819 1136 888 1189 tum
916 1129 1058 1190 maxime
1080 1128 1113 1190 in
1135 1127 1207 1212 ipsa
1228 1127 1309 1192 urbe
1332 1127 1517 1192 Constanti·

218 1231 329 1320 napoli
351 1232 422 1316 pari
444 1231 571 1292 ratione
594 1250 670 1292 usos
693 1250 765 1291 esse
793 1249 857 1292 non
885 1237 935 1292 est
959 1227 1120 1293 dissimile
1142 1229 1224 1292 veri.
1268 1250 1374 1314 neque
1400 1230 1517 1291 mirum

218 1344 268 1401 est
287 1335 320 1397 in
350 1331 408 1396 tali
437 1332 586 1394 instituto
612 1351 711 1417 saepe
738 1331 790 1393 vel
819 1329 932 1393 eadem
960 1330 1076 1394 iisdem
1098 1329 1211 1394 verbis
1232 1331 1336 1416 repeti
1354 1328 1407 1394 rel
1431 1349 1517 1415 quae

219 1439 255 1501 in
274 1434 410 1519 reliquis
431 1431 525 1496 libris
547 1431 828 1518 disputata-erant
847 1429 910 1494 huc
928 1431 1109 1495 transferri.

303 1537 349 1599 Ar
371 1555 543 1599 varocum
567 1532 728 1596 Prisciani
752 1554 823 1596 esse
845 1531 931 1596 bunc
957 1532 1167 1619 partitionum
1190 1532 1311 1597 librum
1332 1532 1423 1614 dico,
1450 1552 1517 1595 non

218 1637 300 1702 illud
330 1635 421 1715 dieo,
445 1635 544 1697 talem
567 1632 695 1719 qualem
717 1656 805 1697 nunc
827 1634 985 1697 babemus
1006 1634 1049 1698 ab
1072 1657 1110 1699 eo
1133 1635 1288 1720 seriptum
1311 1655 1393 1697 esse.
1438 1654 1515 1696 nam

219 1759 290 1802 mos
320 1734 377 1800 ille
411 1736 620 1822 partitionum
655 1736 752 1797 etiam
786 1743 859 1821 post
886 1735 1091 1799 Priscianum
1120 1736 1253 1800 duravit
1278 1745 1310 1799 ct
1338 1758 1359 1798 a
1384 1735 1516 1799 Latinis

219 1837 441 1924 grammaticis
472 1858 544 1898 cum
580 1837 613 1898 in
645 1834 719 1898 aliis
751 1834 843 1899 libris
872 1847 940 1899 tum
966 1838 998 1899 in
1026 1838 1083 1919 iis,
1115 1838 1234 1923 quibus
1263 1835 1384 1900 Donati
1411 1847 1515 1900 artem

215 1938 426 2006 'commentati
455 1946 546 2018 sunt,
578 1946 728 1999 servatus
757 1945 816 1999 est.
861 1939 953 2001 euius
983 1939 1031 2001 rei
1061 1937 1244 2023 exemplum
1269 1960 1355 2001 nunc
1383 1938 1515 2002 adferre

218 2041 327 2129 placet
349 2062 449 2103 unum
471 2037 617 2101 libellum
626 2087 636 2120 ‚
666 2039 721 2122 qui
749 2038 781 2100 in
810 2039 923 2103 codiee
944 2038 1100 2129 Leidensi
1124 2038 1204 2103 bibl.
1228 2039 1317 2126 publ.
1347 2043 1405 2102 122
1428 2062 1515 2103 nono

218 2142 349 2208 saeculo
377 2142 497 2226 scripto
525 2141 701 2225 inscriptus
730 2148 779 2202 est
806 2139 969 2204 cunabula
1000 2142 1079 2204 artis
1106 2143 1354 2226 grammaticae,
1388 2142 1422 2204 in
1451 2162 1516 2227 quo

216 2244 315 2310 simili
338 2245 463 2307 ratione
486 2241 533 2317 de
550 2241 698 2327 partibus
719 2242 873 2305 orationis
895 2242 1103 2328 praecipitur.
1141 2246 1174 2307 in
1196 2264 1234 2306 eo
1255 2243 1386 2327 negotio
1406 2252 1515 2305 antem

216 2345 419 2411 eommodruu
443 2365 477 2405 se
500 2341 679 2426 praebebat
695 2342 856 2405 Prisciani
877 2343 978 2426 liber,
1001 2366 1095 2429 quern
1118 2345 1151 2408 in
1174 2366 1267 2408 suum
1291 2365 1383 2406 usum
1407 2366 1515 2428 gram-

215 2448 326 2512 matici
356 2453 584 2508 converterent
613 2451 646 2506 ct
675 2443 735 2525 ita,
770 2452 807 2506 ut
834 2445 904 2507 eins
933 2446 1051 2533 aetatis
1076 2447 1219 2510 rationes
1236 2444 1403 2532 postulare
1424 2445 1515 2510 vide-

215 2549 350 2628 bantur,
372 2548 467 2610 modo
489 2553 662 2628 augerent,
682 2545 778 2608 modo
801 2545 1021 2610 diminuerent
1043 2547 1095 2611 rel
1114 2571 1171 2613 suo
1188 2549 1324 2635 arbitrio
1340 2557 1514 2611 mutarent.

216 2652 291 2715 binc
313 2650 434 2712 factum
459 2656 523 2730 est,
558 2655 594 2710 ut
616 2646 763 2728 codices,
796 2647 852 2733 qui
883 2671 970 2712 nunc
999 2659 1190 2736 supersunt,
1224 2671 1360 2735 quorum
1389 2649 1514 2712 nullum

215 2751 344 2832 inveni,
377 2751 455 2835 quin
478 2749 595 2812 studiis
618 2749 832 2832 posteriorum
863 2751 1149 2834 grammaticorum
1177 2752 1326 2815 adfectus
1354 2752 1413 2832 sit,
1448 2772 1515 2814 non

214 2853 319 2919 solum
340 2875 360 2915 a
378 2854 487 2937 prisca
509 2852 579 2913 eius
602 2848 678 2912 libri
699 2849 804 2913 forma
826 2849 922 2932 longe
943 2852 1150 2935 recederent,
1173 2851 1231 2916 sed
1253 2855 1350 2916 etiem
1373 2853 1461 2915 inter
1479 2874 1515 2915 se

215 2977 335 3040 magno
358 2975 456 3039 opere
481 2953 713 3037 discreparent.
758 2974 800 3015 ex
830 2974 894 3038 quo
924 2954 1060 3038 adparet
1088 2957 1248 3040 integram
1276 2958 1420 3019 auctoris
1448 2977 1514 3019 ma-

217 3080 294 3123 num
317 3057 448 3122 omnino
471 3055 600 3118 restitui
623 3075 688 3117 non
708 3075 819 3139 posse,
843 3055 900 3118 sed
923 3076 995 3119 eam
1012 3055 1229 3120 exhibendam
1247 3056 1349 3122 fuisse
1366 3057 1515 3140 formam,

217 3182 301 3247 quae
327 3158 422 3222 libris
451 3178 550 3219 manu
579 3157 708 3241 seriptis
733 3156 853 3237 l'ertur,
884 3179 950 3220 non
978 3156 1066 3220 illam
1095 3157 1226 3244 quidem
1252 3160 1513 3245 antiquissimam

217 3283 323 3347 neque
351 3261 527 3343 integram,
565 3258 620 3320 sed
650 3280 716 3343 qua
744 3257 795 3322 vel
826 3259 1069 3344 antiquior.vel
1097 3262 1203 3345 inagis
1228 3262 1357 3345 integra
1385 3263 1418 3325 in
1452 3261 1514 3326 bae

190 3364 193 3369 ’
217 3364 372 3429 librorum
394 3360 579 3423 conditione
599 3359 726 3422 restitui
746 3369 896 3444 nequeat.
935 3382 1005 3424 eam
1021 3363 1122 3446 igitur
1138 3361 1251 3425 tribus·
1263 3361 1371 3444 libris,
1395 3363 1514 3449 quibus

217 3487 295 3529 usus
319 3486 405 3543 sum,
427 3483 493 3525 uno
515 3460 704 3523 Parisino
728 3463 827 3524 trus·
851 3462 935 3547 (b),
964 3461 1067 3526 altero
1088 3462 1286 3528 Leidensi
1311 3464 1512 3530 Vossiano

217 3569 269 3630 33.
293 3573 312 3628 4
337 3564 416 3649 (S),
444 3563 540 3625 tertio
563 3561 889 3647 Guelferbytane
911 3564 1006 3648 (G),
1038 3567 1095 3651 qui
1117 3575 1166 3629 est
1188 3567 1273 3629 inter
1294 3566 1423 3630 codices
1445 3567 1513 3631 Gu-

217 3666 332 3732 dianos
347 3685 480 3728 numere
504 3667 576 3745 1:32,
600 3664 645 3726 ita
665 3665 813 3727 exbiberi
837 3666 965 3747 inveni,
991 3677 1026 3729 ut
1050 3665 1132 3730 nibil
1157 3667 1245 3749 sere,
1269 3668 1355 3752 quod
1374 3667 1513 3732 alieuius

216 3768 370 3832 momenti
392 3766 447 3841 sit,
470 3765 548 3829 addi
574 3787 670 3849 posse
688 3765 859 3829 confidam.
906 3778 937 3831 et
960 3769 1001 3830 de
1021 3769 1171 3833 l'arisino
1193 3769 1323 3854 quidem
1346 3770 1459 3833 codice
1480 3780 1515 3834 et

218 3870 259 3933 de
281 3867 435 3932 Leidcnsi
464 3889 563 3951 supra
593 3866 714 3930 <lictum
743 3878 801 3930 est.
847 3870 1127 3956 Girelfcrbytnnus
1150 3882 1277 3951 autern,
1312 3873 1367 3956 qui
1400 3882 1449 3935 est
1478 3873 1512 3936 in

217 3970 414 4036 membranis
438 3969 543 4031 sorum
566 3969 725 4054 quadrata
746 3970 876 4034 saeculo
899 3973 1024 4037 decimo
1053 3974 1210 4059 scriptus,
1244 3977 1389 4036 eontinet
1416 3972 1512 4037 bace:

216 4075 240 4138 f.
268 4072 399 4138 l—lS*
423 4071 565 4134 Vitruvii
588 4072 628 4134 de
651 4071 868 4136 architectura
892 4072 1006 4155 libros,
1030 4079 1075 4137 De
1092 4081 1253 4154 principiis
1269 4082 1344 4138 artis
1367 4080 1513 4137 architec-

215 4183 331 4241 tonicae
349 4213 392 4221 -
412 4179 534 4238 nuberet
553 4180 714 4252 inplicata.
736 4181 861 4237 nitrnnii
879 4180 954 4238 tiber
976 4180 1010 4238 X
1023 4184 1147 4255 erptieit
1164 4182 1313 4254 feliciter:
1335 4177 1358 4239 f.
1374 4180 1506 4239 iti-ot

214 4277 374 4341 Marciani
403 4275 559 4361 Capellae
593 4285 762 4361 excerpta,
796 4283 943 4356 dicipiant
973 4299 1078 4342 iterans
1109 4285 1148 4342 de
1180 4286 1292 4358 nnptiis
1318 4284 1512 4357 pititotopine.

215 4383 315 4443 Etiam
336 4401 416 4443 nnnc
438 4400 521 4442 roseo
544 4415 581 4424 -
608 4400 645 4441 ne
665 4399 718 4441 ries
738 4389 859 4441 sncrnie
879 4400 979 4442 inrisus
1003 4381 1042 4462 (f.
1063 4382 1131 4465 52).
1174 4385 1301 4444 Peracta
1323 4386 1383 4442 iarn
1405 4387 1512 4459 spatia

215 4501 283 4544 rnrn
306 4519 338 4526 -
362 4485 540 4556 sipnisernrn
563 4502 682 4544 eurania
701 4502 786 4544 sunm
807 4489 973 4560 earnptens:
1003 4482 1026 4544 f.
1047 4482 1106 4545 ut*
1122 4489 1275 4560 prisciani
1293 4489 1417 4560 epitome
1439 4487 1512 4562 pite-

216 4602 329 4645 nometi.
371 4587 419 4643 Aa
445 4587 552 4645 irenene
577 4596 682 4661 partes
706 4619 742 4630 -
766 4589 944 4662 eridanique
969 4591 1093 4662 sitiente.
1132 4588 1202 4660 Itnfi
1225 4588 1301 4660 [eati
1325 4591 1427 4647 nitierii
1454 4590 1515 4647 niri

213 4689 295 4746 etnri
314 4690 398 4744 nrnti
411 4688 612 4761 pirenomenn,
647 4690 753 4748 Arriae
776 4695 884 4762 nrrpriis
909 4706 1021 4749 corona
1040 4690 1179 4764 plipnens
1204 4724 1238 4732 -
1263 4693 1307 4749 sot
1328 4692 1415 4749 asciti
1434 4694 1516 4750 nenti

159 4837 162 4843 .
213 4788 307 4848 triens
332 4795 444 4847 uenas:
474 4785 497 4847 f.
517 4788 664 4848 tte-oa
688 4807 818 4849 carmen
838 4785 879 4850 de
901 4786 1118 4873 ponderibus,
1151 4791 1293 4851 Pondere
1314 4795 1454 4867 pueritiis
1474 4824 1510 4835 -
