3352 5490
223 322 286 384 392
773 318 985 380 PRAEFATIO

223 505 372 569 omittere
394 511 450 565 aut
471 501 580 564 multis
595 501 761 567 erroribus
783 524 1001 587 corrumpere.
1039 502 1149 588 itaque
1163 523 1204 566 ex
1223 501 1263 565 iis
1279 498 1383 583 libris,
1404 500 1528 588 quibus

225 628 303 670 usus
327 626 414 684 suin,
437 625 523 666 unus
538 603 568 665 V
584 604 692 667 omnia
714 626 798 690 quae
817 604 944 669 Graece
966 605 1088 689 scripta
1110 612 1186 666 sunt
1207 603 1363 667 servavit.
1408 603 1450 666 ad
1472 624 1528 666 cu·

224 709 276 772 ius
298 705 394 769 fidem
415 706 565 791 proxime
585 704 713 768 accedit
734 705 782 784 A,
815 706 850 768 in
872 727 937 792 quo
959 704 1112 769 breviora
1128 726 1194 768 non
1217 705 1287 768 sine
1305 703 1418 768 multis
1440 726 1530 769 erra

224 807 316 872 ribus
340 805 487 891 quidem,
511 806 570 870 sed
588 807 634 870 ita
655 815 765 873 tamen
789 816 825 870 ut
845 806 927 870 nihil
950 807 1169 888 omitteretur,
1193 805 1357 892 descripta
1376 815 1468 888 sunt3
1492 807 1529 871 in

226 907 353 974 duobus
375 906 580 991 longioribus
602 907 796 993 fragmentis
819 931 849 994 p.
881 911 959 971 1317
983 917 1017 971 et
1041 910 1120 973 1350
1148 909 1254 994 prima
1282 906 1443 972 vocabula
1470 931 1531 995 po-

226 1013 306 1088 sita,
335 1009 461 1095 rcliqua
480 1009 601 1092 omissa
624 1018 710 1072 sunt.
754 1010 788 1072 in
811 1011 857 1090 R,
883 1009 938 1094 qui
960 1008 1065 1072 codex
1086 1007 1248 1073 Prisciani
1266 1009 1370 1072 verba
1393 1031 1529 1076 accura-

226 1115 291 1177 tius
315 1132 412 1197 quam
433 1108 553 1195 reliqui
580 1109 657 1173 libri
684 1113 865 1197 expressit,
896 1133 914 1173 c
936 1111 1074 1175 Graecis
1105 1110 1275 1175 vocabulis
1304 1132 1430 1197 paucae
1457 1111 1529 1176 iere

226 1214 356 1278 litterae
378 1213 486 1297 pictae
509 1220 602 1292 sunt,
634 1212 766 1276 defectu
791 1213 837 1275 ita
864 1233 962 1298 super
984 1232 1115 1275 versum
1138 1211 1283 1276 indicato
1305 1211 1415 1276 ‘deest
1433 1232 1529 1297 grae·

228 1321 332 1382 cum'.
378 1313 518 1399 denique
536 1311 617 1376 BPS
635 1314 744 1377 omnia
767 1312 836 1377 sere
856 1334 940 1400 quae
956 1312 1083 1376 Graece
1103 1313 1225 1398 scripta
1248 1324 1342 1376 crant
1362 1314 1528 1377 omittunt.

313 1415 368 1480 Ex
394 1415 435 1478 iis
463 1413 573 1496 libris,
605 1436 742 1500 quorum
774 1414 935 1499 integram
967 1414 1147 1501 scripturae
1180 1413 1432 1498 discrepantiam
1460 1435 1530 1478 non

228 1518 345 1599 habui,
381 1516 523 1579 maxime
544 1513 770 1580 memorabiles
797 1524 873 1580 sunt
894 1515 974 1595 duo,
1004 1517 1264 1581 Monacensis
1293 1518 1364 1581 280
1393 1525 1427 1579 et
1454 1514 1528 1579 Er·

228 1617 449 1701 langensis
479 1620 565 1680 301.
611 1617 651 1681 de
674 1617 866 1698 Monacensi
888 1617 1016 1700 codice,
1051 1640 1147 1705 quem
1178 1616 1352 1704 descripsit
1372 1616 1529 1681 Hertzius

229 1718 333 1806 praef.
353 1717 513 1782 Priscian.
536 1718 552 1780 l
577 1740 608 1803 p.
631 1717 752 1800 XXII,
785 1741 858 1783 cum
886 1718 1085 1784 Guilelmum
1112 1717 1293 1783 Christium
1317 1741 1375 1804 per
1400 1717 1529 1782 litteras

230 1821 520 1903 interrogavisscm
549 1829 582 1883 ct
603 1818 645 1882 ab
673 1841 711 1883 eo
736 1822 925 1906 petivissem
953 1830 990 1884 ut
1017 1821 1160 1885 maxime
1187 1823 1228 1884 de
1250 1820 1387 1907 Didymi
1415 1819 1529 1885 verbis

229 1945 262 2008 p.
290 1923 368 1984 1350
389 1921 515 2002 citatis,
551 1943 634 2006 quac
656 1921 752 1985 unius
776 1921 805 1983 V
828 1924 1023 1986 auctoritate
1045 1920 1249 2005 nitebantur,
1281 1945 1331 1984 me
1354 1923 1529 1985 certiorem

229 2020 367 2103 iaceret,
395 2019 453 2084 illa
475 2022 606 2107 quidem
631 2044 690 2086 sua
711 2043 809 2087 manu
830 2025 1044 2111 transscripta
1064 2023 1199 2088 comiter
1221 2023 1264 2087 ad
1284 2045 1334 2087 mc
1359 2023 1463 2104 misit,
1493 2023 1530 2086 in

230 2121 364 2209 reliquis
391 2122 470 2188 locis
492 2147 533 2188 ne
553 2146 596 2188 cx
615 2124 675 2188 hoc
698 2123 829 2210 quidem
855 2124 1005 2205 meliora,
1036 2147 1134 2213 quam
1159 2146 1243 2212 quae
1271 2128 1305 2188 in
1332 2124 1408 2187 aliis
1434 2123 1528 2187 libris

229 2234 396 2306 extarent,
429 2227 495 2311 poti
524 2247 620 2311 posse
647 2234 784 2290 testatus
815 2236 884 2289 cst..
920 2249 986 2313 qua
1015 2250 1050 2292 re
1079 2228 1113 2291 in
1140 2226 1196 2290 illo
1224 2226 1295 2291 loco
1331 2246 1427 2311 quem
1456 2224 1528 2289 dixi

231 2327 412 2413 scripturae
435 2326 687 2413 discrepantiam
709 2326 861 2412 adposui,
895 2350 1090 2416 quamquam
1114 2334 1243 2415 praeter
1271 2349 1370 2391 unum
1399 2326 1529 2414 supple·

231 2437 391 2508 mentum,
414 2427 501 2514 quod
523 2428 600 2492 olim
622 2427 700 2492 inde
723 2428 872 2493 ediderat
894 2429 1091 2516 Spengclius
1113 2431 1147 2493 in
1170 2427 1265 2494 Varr.
1286 2429 1327 2492 dc
1349 2427 1428 2514 ling.
1452 2428 1528 2493 Lat.

186 2531 189 2535 ’
230 2552 261 2615 p.
290 2533 365 2610 171,
393 2527 474 2592 nihil
504 2530 582 2594 novi
609 2528 728 2593 attulit.
773 2528 988 2614 Erlangensis
1015 2541 1124 2595 autem
1154 2531 1260 2596 codex
1281 2539 1414 2618 propter
1434 2530 1529 2594 Cice-

229 2630 319 2694 ronis
344 2629 384 2695 de
406 2641 534 2696 oratore
555 2629 657 2695 libros
676 2632 709 2695 in
730 2633 844 2718 primis
868 2631 1035 2715 laudatus,
1058 2655 1154 2719 quem
1173 2634 1259 2697 inter
1279 2632 1409 2697 codices
1436 2632 1529 2697 (licc-

229 2731 382 2798 ronianos
409 2734 574 2797 recensuit
595 2731 748 2797 Halmius
777 2733 855 2818 (aur
877 2733 1249 2799 Handschrit'tenlrunde
1279 2733 1337 2798 der
1362 2732 1528 2800 Ciceroni·

228 2834 328 2898 schen
350 2832 532 2916 Schriften,
567 2833 733 2898 Manachii
761 2838 864 2921 1850)
897 2857 929 2920 p.
950 2838 986 2917 3,
1020 2857 1119 2898 unum
1147 2835 1308 2900 Prisciani
1336 2834 1455 2899 librum
1486 2835 1530 2899 de

228 2935 342 3021 figuris
366 2957 572 3000 numerorum
596 2934 721 2999 decimo
744 2934 875 3000 saeculo
903 2937 1059 3023 scriptum
1086 2938 1245 3018 continet,
1283 2937 1306 3001 s.
1334 2940 1391 3000 147
1407 2974 1448 2986 -
1469 2940 1529 2999 150

228 3043 404 3102 Marianas
426 3044 642 3115 arammaticas
665 3040 843 3117 Symmacho
866 3074 903 3085 -
926 3050 955 3102 et
980 3045 1098 3102 similia.
1136 3044 1181 3102 lie
1203 3045 1311 3118 affaris
1337 3059 1528 3102 numerorum

227 3143 304 3203 liber
320 3146 485 3216 ariaalaris
503 3144 656 3203 Prisciani
672 3146 866 3216 arammatici
888 3144 1090 3204 Caesariensis
1110 3148 1242 3220 explicit.
1280 3146 1452 3205 r’aiaaada
1470 3145 1529 3204 ab·

229 3241 296 3305 aaa
315 3245 456 3305 Gerberta
473 3233 702 3320 philoiapirauia
721 3263 793 3305 suas
808 3249 936 3322 placeas
957 3247 1118 3322 Ayrardas
1135 3248 1266 3322 scripsit.
1303 3265 1377 3307 cum
1399 3264 1529 3329 quoque

228 3341 358 3406 Graeca
375 3341 537 3406 vocabula
558 3340 655 3429 plena
675 3343 807 3428 quidem
830 3343 1003 3425 exhibere,
1025 3344 1084 3407 sed
1104 3366 1169 3407 non
1188 3344 1357 3408 diversas
1371 3343 1528 3408 Leidensi

228 3452 260 3506 ct
281 3443 472 3507 Monaccnsi
496 3444 594 3525 libra,
631 3445 770 3527 cognovi
796 3467 838 3509 cx
861 3447 918 3526 iis,
952 3467 1037 3533 quae
1059 3466 1080 3507 a
1100 3466 1152 3508 me
1175 3446 1395 3531 interrogatus
1420 3467 1460 3509 ea
1486 3444 1528 3509 dc

227 3568 262 3608 re
288 3543 468 3609 liberaliter
495 3547 664 3632 rescripsit
692 3547 744 3609 vir
772 3547 1013 3611 illustrissimus
1044 3543 1306 3610 Doederleinius.
1357 3557 1529 3633 praeterea

227 3646 278 3711 bis
300 3648 333 3710 in
356 3646 493 3710 Graccis
516 3644 685 3710 vocabulis
706 3648 869 3735 adscripsi
888 3648 1111 3712 testimonium
1133 3647 1256 3711 codicis
1272 3647 1416 3712 Parisini
1433 3652 1528 3730 7504,

226 3749 284 3835 qui
304 3769 369 3810 una
389 3768 462 3810 cum
485 3747 607 3811 maiore
626 3771 724 3835 opere
739 3749 901 3814 Prisciani
923 3749 981 3815 hos
1001 3749 1103 3814 libros
1125 3749 1252 3813 decimo
1274 3749 1405 3815 saeculo
1428 3750 1528 3834 scrip·

224 3858 276 3916 tos
302 3850 467 3931 continet,
503 3859 536 3913 et
558 3851 636 3914 item
660 3849 710 3914 bis
734 3850 857 3915 codicis
878 3851 1051 3915 Leidensis
1073 3850 1225 3915 Vossiani
1255 3855 1305 3917 34.
1333 3855 1369 3931 4,
1403 3852 1438 3914 in
1461 3873 1527 3936 quo

224 3961 299 4038 post
321 3951 469 4015 Terentii
491 3948 621 4016 fabulas
645 3953 774 4016 initium
798 3952 873 4017 libri
894 3952 935 4017 de
958 3953 1070 4016 metris
1088 3951 1235 4017 Terentii
1253 3952 1384 4016 saeculo
1400 3952 1528 4016 decimo

225 4054 380 4140 scripturn
403 4061 504 4116 extat.
550 4062 693 4118 ceterum
715 4055 749 4116 in
773 4075 812 4116 ea
834 4056 1030 4138 cognatione
1056 4056 1200 4118 omnium
1221 4053 1398 4135 librorum,
1427 4076 1527 4139 quam

222 4154 309 4231 dixi,
339 4154 455 4219 inutile
486 4175 559 4217 esse
588 4155 703 4241 putavi
728 4175 865 4240 operosa
887 4155 1060 4240 diligentia
1084 4154 1243 4242 quidquid
1266 4154 1393 4219 librarii
1414 4176 1528 4242 pecca-

223 4266 341 4321 verunt
358 4257 534 4321 momoriae
553 4257 707 4342 prodere,
731 4255 880 4319 sedeam
897 4258 1057 4320 rationem
1081 4267 1211 4320 secutus
1234 4279 1320 4339 sum,
1342 4267 1396 4338 ut,
1418 4256 1528 4343 siquid

222 4358 257 4421 in
280 4380 345 4422 uno
366 4358 451 4422 libro
474 4357 528 4423 vel
546 4360 703 4423 omissum
724 4356 775 4421 vel
798 4379 900 4443 prave
929 4360 1085 4445 scriptum
1117 4369 1218 4437 essct,
1248 4358 1336 4444 qaod
1363 4359 1528 4443 integrum

222 4467 350 4523 extaret
375 4460 409 4523 in
431 4458 582 4544 reliquis,
617 4481 680 4523 non
709 4469 860 4522 accurate
890 4461 986 4524 unius
1014 4461 1173 4546 cuiusque
1203 4458 1329 4523 librarii
1352 4458 1529 4543 neglcgcn·

223 4550 303 4624 tiam
326 4561 521 4640 indicarem,
553 4561 587 4623 in
616 4560 657 4624 iis
682 4569 827 4642 tantum,
860 4582 944 4647 quac
972 4584 1015 4625 cx
1041 4561 1283 4648 antiquioribus
1312 4561 1528 4647 scriptoribus

221 4661 390 4749 adscripta
412 4669 523 4725 essent
544 4660 597 4725 rel
627 4671 761 4747 propter
781 4683 890 4725 rorum
912 4664 1110 4745 gravitatem
1132 4665 1284 4727 maiorem
1309 4685 1420 4727 curam
1441 4663 1528 4727 desi·

222 4760 392 4845 donarent,
411 4760 574 4849 quidquid
592 4761 670 4827 libri
689 4761 901 4844 exhiberent,
924 4785 1150 4850 proponerem.
