3396 5482
261 334 331 419 soa
710 428 714 435 ,
808 354 1019 418 rrrsursrro

253 539 393 605 'saeculo
422 538 506 603 liber
527 539 649 604 Donati
679 538 719 603 de
746 537 950 603 barbarismo
980 547 1012 603 et
1039 538 1092 602 hic
1121 537 1162 603 do
1184 537 1374 602 accentibus
1397 537 1483 605 liber
1504 538 1563 618 ita,

262 646 375 706 Littera
395 654 439 705 esc
458 681 492 688 -
510 663 592 705 eoae
612 647 736 720 explicit
759 653 785 715 p*
806 646 843 703 de
873 645 1051 703 accentibus.
1095 639 1153 704 scd
1175 639 1234 703 hos
1256 638 1358 703 libros
1381 660 1493 704 ornnes
1516 640 1565 702 ita

262 744 349 807 iuter
377 765 411 807 se
438 743 640 830 discrepant,
672 751 708 806 ut
735 765 801 807 non
830 740 998 806 librarium
1027 740 1213 828 exemplum
1245 740 1333 827 quod
1365 739 1564 826 sequebatur

261 853 461 930 repetentem
481 866 657 930 agnoscas,
679 844 736 908 sed
758 853 795 906 ut
817 843 919 906 multa
939 864 959 905 a
981 843 1192 927 grammatico
1210 852 1333 906 temere
1350 851 1475 906 mutata
1490 862 1563 905 esse

262 946 429 1032 adpareat.
476 946 589 1009 eadem
618 944 768 1009 libertate
798 966 877 1008 usus
907 952 956 1008 est
982 944 1025 1020 is,
1053 944 1109 1030 qui
1131 943 1306 1009 editionem
1328 944 1510 1030 principem
1531 963 1562 1005 a.

267 1052 346 1110 1470
371 1047 499 1110 factam*
513 1046 654 1122 curavit,
676 1047 731 1111 vel
752 1049 862 1133 potius
885 1045 954 1122 ille,
976 1045 1031 1131 qui
1054 1044 1200 1110 codicem
1221 1047 1513 1131 manuscriptum,
1544 1066 1563 1107 e

263 1171 326 1234 quo
351 1148 408 1212 illa
434 1146 590 1233 expressa
613 1157 679 1225 est,
708 1149 868 1240 exaravit.
912 1146 1092 1232 principem
1115 1157 1223 1211 autern
1244 1147 1420 1211 editionem
1445 1146 1564 1231 reliqui

263 1249 403 1314 editores
421 1259 497 1313 ante
512 1249 773 1314 Lindemannum
794 1251 840 1312 ita
860 1249 963 1312 secuti
988 1256 1080 1330 sunt,
1105 1257 1142 1310 ut
1157 1250 1192 1311 in
1208 1248 1324 1335 paucis
1341 1248 1445 1333 iisque
1460 1246 1562 1311 levio-

261 1349 352 1415 ribus
376 1337 451 1415 fcre
467 1350 565 1415 rebus
587 1352 657 1414 eius
675 1350 772 1415 fidem
788 1349 1020 1436 relinquerent.
1056 1349 1152 1436 plura
1170 1352 1293 1436 primus
1313 1350 1451 1413 mutavit
1465 1348 1561 1411 liin-

262 1452 504 1533 demannus,
529 1454 586 1538 qui
603 1453 749 1518 codicem
764 1451 1024 1534 Perizonianum,
1047 1451 1087 1515 de
1105 1472 1169 1538 quo
1189 1451 1384 1538 supradixi,
1401 1458 1433 1513 et
1450 1449 1562 1513 varias

259 1552 416 1617 lectiones
433 1576 475 1616 ex
492 1553 618 1618 duobus
636 1552 813 1634 codicibus,
834 1551 935 1617 altero
947 1553 1172 1638 Groningano,
1192 1553 1294 1617 altero
1306 1552 1562 1632 Burmanniano,

261 1675 281 1716 a
302 1653 471 1718 Bondamo
493 1664 681 1740 excerptas,
716 1654 757 1718 de
785 1653 905 1740 quibus
927 1654 1019 1718 libris
1042 1655 1097 1718 ille
1123 1653 1208 1718 dixit
1233 1653 1345 1739 praef„
1361 1676 1392 1740 p.
1413 1652 1561 1730 XXVII,

261 1754 303 1819 ad
323 1756 547 1820 recensionem
570 1755 666 1820 buius
689 1754 766 1819 libri
785 1755 943 1820 adhibuit.
988 1767 1062 1843 post
1083 1742 1344 1819 Lindemannum
1364 1753 1561 1818 Krelrlius

261 1856 422 1943 quaedam
444 1858 584 1940 mutavit
606 1856 752 1920 adhibito
767 1857 878 1920 codice
894 1857 1021 1942 aliquo,
1045 1879 1141 1944 quem
1157 1856 1413 1944 quartodecimo
1431 1855 1561 1918 saeculo

261 1959 417 2043 scriptum
433 1959 562 2044 sibique
578 1981 600 2021 a
615 1958 653 2022 O.
672 1957 904 2023 amattheus
925 1958 1036 2022 (latum
1060 1980 1131 2022 esse
1151 1959 1266 2023 scribit
1284 1958 1387 2044 praef.
1407 1957 1510 2021 Prisc.
1526 1956 1561 2019 ΙΙ

260 2082 292 2145 p.
309 2059 349 2123 V.
385 2059 435 2124 lris
459 2060 560 2145 igitur
582 2061 685 2144 copiis
705 2061 840 2146 paratis,
860 2082 933 2123 cum
955 2060 1126 2124 molestum
1149 2070 1236 2124 esset
1257 2069 1289 2124 ct
1310 2060 1425 2123 inutile
1444 2060 1479 2122 in
1500 2058 1560 2122 tali

260 2160 392 2249 quidem
416 2160 500 2225 libro
523 2183 651 2224 omnem
674 2162 821 2227 codicum
834 2160 1098 2247 discrepantiam
1128 2183 1324 2248 proponere,
1357 2162 1459 2224 satius
1488 2182 1560 2223 esse

260 2263 356 2345 duxi,
384 2261 643 2350 antiquissimam
672 2263 822 2339 formam,
851 2285 948 2350 quarn
972 2262 1252 2348 Guelferbytanus
1277 2265 1349 2348 (H)
1379 2272 1412 2325 et
1430 2262 1561 2326 Perizo-

259 2365 378 2427 nianns
408 2365 480 2449 (G)
505 2365 680 2450 praebent,
713 2366 816 2450 sequi.
862 2385 936 2427 narn
968 2364 992 2426 ii
1020 2367 1125 2448 magis
1154 2386 1251 2450 quam
1275 2364 1393 2448 reliqui
1417 2365 1501 2427 inter
1524 2385 1559 2426 sc

259 2466 423 2529 coniuncti
447 2477 537 2548 sunt,
561 2465 625 2529 nisi
648 2465 735 2552 quod
758 2469 792 2528 in
813 2466 844 2529 G
867 2467 1009 2528 maxime
1032 2465 1193 2551 quaedam
1209 2466 1322 2542 etiarn,
1346 2487 1429 2550 quae
1445 2474 1560 2551 postea

260 2565 426 2654 adscripta
441 2589 513 2632 esse
529 2566 692 2650 videntur,
713 2576 844 2654 recepta
860 2576 945 2630 suut.
980 2556 1218 2653 itaque‘eorum
1235 2566 1487 2651 discrepantiam
1505 2588 1560 2629 cx·

256 2665 360 2731 hibui.
398 2678 567 2754 praeterea
586 2691 690 2756 pauca
711 2691 753 2732 cx
773 2670 921 2755 principe
940 2669 1082 2732 editione
1098 2678 1129 2731 ct
1148 2691 1191 2731 ex
1204 2667 1423 2731 Lindemanni
1440 2669 1559 2733 codici·

260 2767 322 2833 bus
340 2769 457 2835 adieci.
492 2781 636 2835 ceterum
654 2770 948 2856 Guelferbytanum
965 2770 1109 2835 codicem
1129 2771 1199 2855 ipse
1213 2770 1360 2852 excussi,
1385 2771 1559 2835 Leidensis

260 2871 485 2957 apographum
503 2871 721 2936 Lindemanni
736 2893 835 2935 manu
854 2871 977 2934 factum
996 2873 1029 2934 in
1048 2873 1118 2935 cius
1135 2871 1263 2935 schedis
1280 2870 1390 2935 habui.

344 2973 483 3038 Duobus
505 2972 706 3036 carminibus
724 2972 899 3054 PriscianI,
921 2974 1083 3060 periegesi
1105 2996 1147 3037 ex
1168 2973 1297 3038 Graeco
1313 2973 1468 3060 Dionysii
1488 2996 1557 3038 car-

259 3075 346 3139 mine
363 3075 542 3140 translatae
560 3084 592 3138 ct
608 3074 701 3138 alteri
718 3074 758 3138 de
774 3073 871 3138 laude
887 3076 1056 3138 Anastasii
1065 3124 1074 3157 ,
1093 3074 1180 3160 quod
1199 3097 1227 3138 a.
1243 3078 1323 3139 1828
1341 3074 1558 3139 Endlicberus

260 3176 377 3256 edidit,
400 3177 484 3241 iuter
506 3172 736 3262 grammaticos
760 3174 861 3241 libros
885 3176 991 3240 locum
1016 3199 1079 3240 non
1103 3177 1246 3241 dandum
1265 3200 1338 3241 esse
1358 3180 1556 3241 existimavi.

258 3280 390 3342 tertium
406 3301 483 3341 vcro
503 3278 543 3342 de
557 3276 756 3362 ponderibus
773 3286 805 3340 et
821 3280 998 3357 mensuris,
1017 3277 1104 3362 quod
1122 3278 1173 3342 lris
1189 3279 1265 3342 addi
1285 3280 1381 3362 solet,
1397 3289 1434 3342 ut
1452 3281 1557 3364 ipsum

258 3400 387 3466 quoque
404 3400 469 3442 non
485 3382 593 3443 minus
608 3402 628 3441 a
644 3382 857 3462 grammatico
873 3402 992 3463 genere
1009 3380 1150 3443 alienum
1169 3390 1229 3463 est,
1243 3384 1287 3443 ita
1302 3404 1367 3445 non
1381 3382 1478 3446 video
1490 3404 1557 3446 cer·

258 3481 300 3543 tis
319 3480 500 3543 rationibus
521 3480 563 3543 ad
580 3481 786 3544 Priscianum
801 3492 964 3544 auctorem
983 3481 1109 3545 referri.
1140 3503 1214 3545 narn
1231 3505 1291 3546 nec
1307 3506 1405 3546 manu
1423 3485 1556 3571 scripto·

257 3603 328 3645 rum
344 3580 501 3645 librorum
514 3583 706 3647 auctoritate
716 3585 794 3646 satis
809 3583 997 3647 defenditur
1007 3605 1122 3647 nomen
1140 3586 1346 3667 grammatici
1362 3608 1423 3651 uec
1439 3608 1555 3667 rerum,

259 3682 299 3746 de
314 3682 433 3768 quibus
448 3685 565 3768 agitur,
583 3695 784 3768 argumente.
810 3686 905 3773 primi
922 3686 1008 3748 enim
1027 3706 1140 3748 versus
1154 3686 1391 3772 quinquaginta
1403 3689 1555 3774 quinque,

259 3785 314 3869 qui
331 3784 391 3846 soli
406 3785 440 3848 in
457 3785 569 3849 eodem
586 3797 793 3870 argumento,
815 3785 900 3873 quod
918 3786 1107 3850 Priscianus
1123 3792 1290 3870 tractavit,
1311 3798 1498 3869 versantur,
1521 3790 1555 3851 in

258 3885 454 3972 quibusdam
469 3888 550 3951 locis
568 3910 646 3952 sanc
663 3910 736 3951 cum
755 3888 843 3952 illius
859 3889 1039 3973 praeceptis
1059 3891 1276 3971 consentiunt,
1295 3890 1351 3954 sed
1368 3888 1433 3953 alia
1452 3911 1555 3975 eaque

257 3988 400 4051 maxime
418 3989 581 4053 Prisciani
596 3991 728 4074 propria
746 3990 778 4051 in
799 3989 864 4052 illis
884 3991 1003 4054 omissa
1018 4000 1104 4053 sunt.
1128 4012 1243 4076 quare
1260 4015 1375 4055 nomen
1394 3991 1556 4054 Prisciani

256 4098 327 4154 tum
341 4090 471 4153 demum
489 4091 565 4155 huic
579 4091 716 4155 carmini
735 4092 927 4175 inscriptum
948 4113 1020 4155 esso
1035 4101 1129 4178 puto,
1145 4101 1316 4180 postquam
1337 4095 1370 4156 in
1386 4093 1554 4158 codicibus

257 4213 411 4255 unacum
427 4193 495 4255 eius
512 4193 603 4257 libris
623 4191 723 4255 scribi
737 4203 887 4278 coeptum
904 4201 961 4256 est.

342 4295 465 4378 Scripsi
481 4292 627 4358 Berolini
642 4316 753 4357 mense
767 4293 856 4356 Maio
873 4315 902 4356 a.
922 4292 1223 4360 MDCCCLVIIII.

751 4568 1054 4578 ——1———-——
