3352 5490
211 339 274 405 sos
574 427 580 437 Ι
752 340 963 402 unsarana

211 525 471 590 accommodatos
492 545 564 587 esse
580 523 822 587 existimabant.
863 544 968 609 neque
984 532 1092 586 tamen
1115 524 1246 586 omnino
1267 523 1412 587 defuisse
1433 524 1513 587 huic

209 626 293 691 libro
315 626 600 712 grammaticorum
620 624 741 701 studia,
768 626 860 688 testis
880 634 930 687 cst
953 625 1205 689 commentarius
1226 624 1385 710 Remigii,
1412 646 1511 711 quem

210 730 245 792 in
267 727 379 792 codice
399 728 550 791 Parisino
572 729 651 790 7581
677 726 807 790 saeculo
831 726 957 790 decimo
975 727 1029 790 vel
1053 725 1226 790 undecimo
1247 726 1405 811 scriptum
1427 725 1511 790 vidi.

210 828 287 895 libri
305 838 414 893 autern
436 850 533 892 manu
556 828 687 914 scripti,
713 848 794 913 quos
815 826 947 913 quidem
968 826 1078 914 paullo
1099 828 1285 891 accuratius
1309 828 1512 910 examinavi,

210 931 257 993 ita
273 931 359 994 inter
374 953 409 995 se
424 930 614 1015 conspirant
631 950 742 994 omnes
750 977 759 1010 ,
783 937 818 992 ut
833 929 1119 1013 grammaticorum
1135 928 1253 993 studiis
1271 949 1336 992 non
1356 950 1510 1013 magnam

209 1033 422 1094 mutationem
439 1053 510 1095 curn
527 1030 646 1094 librum
663 1029 803 1093 subiisse
819 1038 895 1093 ante
911 1029 1120 1093 undecimum
1138 1038 1226 1094 certe
1240 1029 1403 1094 saeculum
1417 1035 1510 1111 (nam

211 1133 252 1197 de
269 1131 505 1196 recentioribus
524 1131 616 1196 libris
642 1154 706 1195 uon
727 1131 897 1217 quaesivi)
922 1129 1089 1217 adpareat.
1132 1130 1228 1218 plura
1248 1133 1358 1195 conati
1381 1140 1457 1196 sunt
1485 1133 1511 1195 ii

211 1233 268 1322 qni
280 1234 393 1320 quinto
405 1233 532 1297 decimo
548 1233 678 1297 saeculo
695 1231 776 1296 baec
789 1231 898 1297 studia
909 1231 1127 1296 recoluerunt.
1146 1254 1221 1296 nam
1239 1234 1391 1320 princeps
1407 1233 1511 1298 editio

210 1357 241 1400 a.
262 1337 342 1399 1470
363 1334 451 1397 facta
468 1356 488 1397 a
503 1334 669 1398 veteribus
685 1333 853 1399 codicibus
869 1354 987 1417 magno
1008 1355 1104 1420 opere
1119 1331 1299 1421 discrepat,
1319 1335 1434 1399 sireis
1452 1335 1510 1420 qui

148 1442 164 1477 ’·
211 1437 347 1502 editioni
371 1434 515 1522 praefuit
540 1435 621 1498 haee
642 1436 765 1522 primus
792 1435 946 1516 mutavit,
973 1435 1061 1515 sive,
1088 1433 1123 1498 id
1147 1435 1234 1520 quod
1263 1437 1368 1520 magis
1395 1435 1509 1521 probo,

99 1566 101 1570 ’
211 1537 357 1603 codicem
385 1536 433 1599 sic
459 1546 618 1599 mutatum
647 1527 785 1602 invenit.
834 1537 1013 1623 principem
1047 1544 1156 1600 autem
1190 1537 1364 1601 editionem
1395 1546 1511 1624 postea

211 1639 328 1725 reliqui
351 1636 492 1701 editores
516 1659 626 1700 ornnes
651 1638 697 1700 ita
727 1640 829 1702 secuti
852 1647 943 1719 sunt,
974 1646 1026 1720 ut,
1049 1646 1275 1723 praeterquam
1299 1636 1387 1722 quod
1411 1659 1510 1724 qnae·

212 1741 287 1805 dam
299 1738 428 1803 Graeca
442 1738 574 1800 uomina
593 1738 826 1802 etlratinorum
848 1737 1079 1803 vocabulorum
1100 1739 1402 1824 interpretationes,
1425 1760 1510 1825 quae

102 1915 103 1919 η
212 1843 246 1906 iu
262 1839 320 1903 illa
336 1840 457 1902 omissa
479 1846 589 1919 erant,
611 1840 799 1903 coniectura
820 1840 1032 1922 addiderunt,
1054 1841 1114 1903 vix
1130 1862 1283 1927 umquam
1300 1838 1342 1903 ab
1361 1861 1400 1903 ea
1420 1861 1510 1904 rece·

212 1942 341 2023 derant,
374 1941 407 2003 in
426 1961 493 2002 una
515 1938 638 2002 Aldina
659 1940 802 2005 editione
826 1942 939 2028 paucis
958 1939 1039 2005 locis
1062 1963 1161 2006 manu
1183 1943 1338 2029 scriptum
1363 1942 1509 2007 codicem

212 2041 394 2108 adhibitum
418 2063 489 2104 esse
510 2040 680 2126 probabile
701 2050 761 2106 est.
805 2064 977 2129 quaecum
994 2044 1041 2106 ita
1056 2052 1181 2124 essent,
1205 2044 1239 2108 id
1255 2045 1395 2107 maxime
1411 2065 1509 2128 agen·

212 2144 290 2210 dum
311 2142 511 2223 existimavi,
535 2152 571 2205 ut
586 2143 679 2216 liber,
701 2145 851 2230 quamvis
874 2145 986 2228 exigui
1008 2166 1087 2208 sane
1108 2145 1221 2230 pretii,
1244 2156 1369 2210 remota
1386 2145 1511 2210 recenti

113 2291 114 2295 =
210 2245 367 2312 Italorum
392 2242 642 2331 interpolatione
671 2245 714 2308 ad
741 2247 881 2331 priscam
908 2245 1057 2308 codicum
1079 2248 1266 2311 memoriam
1290 2255 1509 2312 revocaretur.

212 2348 256 2412 ad
282 2368 380 2434 quam
401 2368 469 2410 rem
492 2368 566 2409 curn
586 2368 686 2409 unum
713 2346 834 2419 bonnm
860 2347 1006 2410 codicem
1034 2347 1114 2411 mihi
1139 2347 1291 2412 sufficere
1319 2347 1511 2430 iudicarem,

213 2448 328 2515 ducem
347 2447 431 2531 elegi
454 2446 688 2512 Parisinum
714 2450 815 2513 7498
838 2447 1246 2522 membranaceumforma
1260 2448 1435 2536 quadrata,
1454 2451 1511 2536 qui

213 2550 293 2615 olim
315 2548 445 2614 Claudii
466 2547 605 2612 Puteani
625 2549 696 2613 fuit.
742 2572 779 2613 eo
802 2550 1010 2614 continentur
1031 2550 1129 2631 haec,
1153 2550 1177 2613 f.
1203 2551 1324 2615 1-56*
1347 2550 1511 2614 Prisciani

213 2653 255 2718 dc
275 2652 517 2717 constructione
540 2649 615 2715 libri
639 2650 720 2716 duo:
745 2650 768 2714 s.
791 2650 936 2716 57-80*
954 2649 1101 2714 eiusdem
1123 2652 1315 2735 partitiones
1338 2650 1511 2715 duodecim

213 2775 367 2818 versuum
390 2751 573 2815 Aeneidos:
604 2751 628 2814 f.
652 2751 798 2815 81-88*
819 2751 965 2816 eiusdem
989 2752 1149 2816 institutio
1172 2752 1214 2816 de
1232 2754 1362 2817 nomine
1385 2762 1417 2816 et
1439 2774 1511 2838 pro·
1571 2776 1579 2782 ·

213 2856 343 2920 nomine
367 2863 400 2917 et
421 2853 538 2918 verbo:
573 2853 596 2915 f.
617 2853 783 2916 89-104*
808 2853 969 2939 Eutychis
991 2875 1045 2917 ars
1067 2852 1109 2917 de
1129 2854 1417 2938 coniugationibus
1439 2877 1511 2918 ver·

146 2959 151 2969 ’
214 2956 346 3037 boram,
371 2961 476 3033 incipit
497 2962 640 3034 prolapus
662 2959 732 3018 libri
749 2961 860 3019 eutice.
896 2960 966 3018 Cura
986 2976 1102 3035 semper
1125 2994 1166 3005 -
1183 2964 1419 3035 caninpationem
1440 2978 1510 3020 uen-

132 3104 136 3111 -
212 3063 296 3122 dicat
314 3062 385 3121 sibi:
407 3055 429 3118 f.
455 3059 641 3121 105-108*
666 3064 907 3120 commentarium
928 3064 1022 3134 rufini
1041 3063 1100 3121 uiri
1117 3064 1304 3123 disertissimi
1322 3065 1514 3137 prammnu'ci

213 3163 411 3223 antiochensis
433 3165 462 3220 in
482 3168 577 3220 metra
600 3166 777 3222 (mentione.
802 3162 949 3221 Euantius
962 3196 998 3204 -
1011 3171 1056 3223 est
1075 3167 1124 3224 uei
1144 3168 1308 3225 monimum
1332 3162 1378 3247 (p.
1393 3160 1510 3245 2719):

212 3261 238 3327 f.
268 3265 325 3326 109
349 3270 381 3324 at
404 3263 461 3322 110
488 3280 619 3321 carmen
639 3259 680 3322 de
700 3259 916 3344 ponderibus,
946 3264 1033 3324 Remi
1056 3264 1162 3338 fascini
1184 3269 1308 3341 epistola
1335 3267 1374 3325 de
1396 3267 1511 3341 ponde-

213 3368 296 3427 ribus
316 3384 357 3426 cx
378 3382 465 3425 sensu
486 3365 617 3423 eiusdem
636 3366 717 3425 clari
735 3366 932 3425 aecimis-nd
951 3368 1154 3441 symmachum
1180 3371 1302 3428 metrico
1327 3370 1393 3427 inre
1420 3368 1511 3426 missa

213 3471 325 3544 incipit
365 3467 504 3526 Pondere
530 3468 722 3540 paeoniis-
747 3469 810 3526 sine
840 3470 927 3541 ecquis
953 3471 1087 3543 capitula
1113 3470 1244 3529 eiusdem
1271 3472 1417 3544 epistulae
1434 3469 1456 3529 I
1474 3470 1512 3528 de

209 3570 396 3646 ponderibus
413 3569 606 3627 communiter
620 3567 657 3625 II
676 3568 714 3626 de
726 3569 911 3642 ponderibus
932 3572 1117 3629 metallorum
1130 3570 1188 3630 ΙΙΙ
1199 3572 1237 3630 de
1259 3572 1406 3630 metuaris
1424 3572 1511 3644 tiqui·

214 3673 320 3732 darum
343 3670 417 3729 IIII
436 3671 474 3728 de
497 3669 679 3744 ponderibus
707 3672 946 3729 commixtorum:
982 3666 1004 3730 f.
1041 3671 1098 3730 110
1112 3705 1154 3714 -
1169 3668 1252 3729 120*
1282 3665 1442 3729 Prisciani
1467 3666 1511 3730 ad

214 3766 444 3855 Symmachum
463 3764 538 3829 libri
560 3775 642 3846 tres,
665 3771 817 3829 Prisciani
834 3773 950 3832 libellas
975 3774 1014 3833 de
1039 3773 1229 3848 ponderibus.
1258 3773 1304 3832 Dc
1323 3774 1414 3832 lande
1434 3789 1510 3848 asm-

213 3875 321 3935 macbi.
358 3872 533 3932 Priscianus
555 3873 770 3945 prammaticns
794 3875 964 3947 mmmacbo
990 3908 1026 3919 -
1052 3876 1210 3949 inplerium
1236 3883 1288 3934 est.
1337 3869 1396 3934 sed
1430 3858 1541 3934 lraec'

214 3993 321 4059 neque
344 3970 385 4034 ab
407 3991 472 4033 uno
493 3969 624 4033 homine
652 3969 773 4053 scripta
796 3992 868 4033 esse
891 3974 1000 4034 omnia
1024 3994 1129 4058 neque
1159 3975 1255 4035 unius
1283 3971 1406 4037 codicis
1433 3971 1511 4035 olim

215 4074 318 4138 fuisse
338 4093 403 4136 non
426 4071 531 4136 solum
553 4072 625 4157 ipsa
647 4070 822 4133 diversitas
843 4074 1023 4159 scripturae
1041 4074 1175 4154 indicat,
1195 4096 1309 4139 verum
1332 4074 1430 4136 etiam
1453 4094 1512 4136 nu·

214 4197 375 4240 merorum
397 4174 555 4260 quaedam
580 4175 734 4258 vestigia,
766 4176 903 4261 quaein
924 4176 999 4238 imis
1020 4175 1212 4240 schedarum
1233 4173 1435 4259 marginibus
1455 4173 1512 4237 ad·

214 4284 345 4362 parent,
372 4284 544 4339 testantur.
590 4297 630 4339 ca
654 4276 741 4339 enim
765 4298 848 4362 quae
872 4275 892 4338 f.
917 4280 956 4339 57
972 4314 1008 4324 -—
1027 4280 1085 4339 1111
1110 4278 1232 4363 scripta
1255 4267 1345 4352 sunt,
1379 4276 1441 4340 hoc
1462 4285 1514 4340 est

214 4377 374 4442 Prisciani
407 4379 569 4441 institutio
604 4377 645 4442 de
675 4379 804 4441 nornine
838 4387 870 4441 ct
898 4379 1088 4464 pronomine
1117 4388 1150 4442 et
1176 4378 1276 4442 verbo
1305 4389 1338 4441 et
1365 4377 1511 4441 eiusdem

212 4479 405 4567 partitiones
424 4488 456 4543 et
469 4478 628 4565 Eutychis
647 4479 747 4560 liber,
771 4478 813 4542 ad
834 4479 978 4543 codicem
996 4477 1140 4565 aliquem
1163 4478 1293 4543 saeculo
1310 4500 1396 4543 nono
1412 4479 1513 4565 serip-

213 4589 283 4642 tum
303 4579 379 4643 olim
398 4579 623 4666 pertinebant,
646 4582 741 4666 prior
755 4590 862 4644 autem
882 4602 958 4666 pars
982 4581 1005 4644 f.
1032 4582 1146 4644 1-56
1169 4602 1234 4643 una
1255 4602 1329 4644 curn
1352 4581 1393 4643 iis
1414 4602 1513 4645 mem-

213 4680 336 4763 branis,
359 4702 442 4767 quaa
465 4680 542 4745 olim
565 4703 636 4745 eam
660 4681 879 4767 excipiebant,
899 4690 1013 4768 postea
1038 4704 1117 4746 vero
1139 4682 1184 4745 ad
1205 4682 1301 4746 finem
1323 4680 1446 4746 codicis
1464 4702 1513 4745 re·

212 4780 319 4847 iactae
335 4789 422 4864 sunt,
439 4780 463 4846 f.
479 4786 655 4865 ros-120,
674 4782 737 4848 hoc
752 4793 804 4848 est
822 4782 886 4848 duo
908 4782 985 4848 libri
1006 4783 1046 4848 de
1069 4785 1309 4850 constructione
1330 4793 1364 4848 ct
1381 4803 1514 4848 carmen
