3352 5490
290 338 353 398 too
834 338 1046 398 tramittunt

291 523 427 606 primurn
453 523 484 582 in
508 522 656 606 principe
676 520 819 584 editione
842 521 950 584 editus
972 532 1059 599 crat,
1082 520 1158 584 talis
1179 521 1222 584 ab
1245 520 1414 603 omnihus,
1438 521 1499 608 qui
1525 530 1608 585 ante

290 623 549 687 Lindemannmn
574 622 660 685 huno
683 621 802 684 librum
825 622 1009 703 ediderunt,
1033 623 1190 708 repetitus
1214 631 1273 686 cst.
1306 632 1405 708 atque
1421 624 1457 685 in
1474 622 1608 687 Aldina

289 747 418 812 quoqne
448 724 606 802 editione,
642 723 685 788 ad
714 744 810 810 quam
840 723 1017 808 parandam
1041 724 1192 788 Donatus
1213 725 1428 803 Veronensis,
1463 725 1525 810 qui
1549 724 1600 789 illi

288 827 423 890 editioni
441 824 600 909 praefuit,
623 832 753 890 vetusto
775 824 887 888 codice
907 848 942 887 se
964 848 1057 889 usum
1076 847 1148 888 esse
1167 825 1295 904 scribit,
1318 826 1473 911 quamvis
1488 826 1601 891 multa

288 936 435 992 correcta
461 928 545 1005 sint,
576 936 687 989 tamen
713 928 869 989 universa
899 926 972 990 libri
1001 926 1106 990 forma
1132 927 1245 1012 paucis
1273 925 1353 989 locis
1381 936 1512 990 mutatu
1532 936 1597 991 est.

288 1026 591 1114 Lindemannus
621 1038 730 1091 sutem
760 1029 841 1091 dnos
869 1029 999 1092 codices
1020 1026 1200 1090 Leidenses
1227 1028 1596 1113 usurparit,.alterum

243 1152 246 1157 ’
289 1131 619 1208 Vossiarruu13ll.l,
653 1130 789 1193 alterum
820 1131 897 1192 item
922 1129 1117 1191 Vossianum
1147 1131 1188 1192 tto
1216 1128 1272 1192 sol.
1303 1130 1434 1192 saeculo
1462 1129 1596 1193 decimo

289 1233 463 1317 scriptum,
493 1232 524 1293 in
547 1254 612 1315 quo
641 1240 714 1318 post
742 1230 970 1313 duodeviginti
998 1231 1235 1294 institutionum
1258 1228 1359 1293 libros
1384 1231 1437 1294 hic
1461 1229 1600 1295 libellus

288 1333 419 1418 legitur.
464 1355 483 1395 e
509 1331 629 1417 quibus
653 1331 746 1396 libris
776 1354 849 1395 curn
879 1334 984 1420 prior,
1019 1341 1055 1394 ut
1077 1331 1298 1395 antedictum
1321 1341 1387 1413 est,
1419 1355 1488 1396 non
1514 1335 1600 1398 satis

288 1442 397 1498 certae
418 1432 494 1496 fidei
518 1436 576 1514 sit,
599 1433 681 1496 alter
710 1456 789 1497 vcro
811 1434 914 1497 multo
937 1435 1092 1497 maiorem
1115 1432 1272 1518 praebeat
1292 1432 1541 1518 neglegentiam
1565 1444 1601 1499 et

248 1536 252 1541 ’
288 1536 522 1615 temeritatem,
557 1557 622 1598 non
654 1537 757 1621 potuit
785 1536 831 1615 is,
863 1535 919 1620 qui
944 1534 995 1597 his
1028 1556 1063 1596 se
1091 1546 1193 1597 totum
1222 1533 1420 1616 addixisset,
1453 1535 1598 1601 multum

289 1636 459 1722 prolicere.
504 1645 601 1720 atque
627 1636 715 1699 haud
738 1637 807 1698 scio
829 1657 871 1698 an
893 1637 1023 1699 omissis
1052 1636 1203 1699 omnibus
1232 1636 1318 1716 fere,
1347 1657 1432 1721 quae
1465 1637 1500 1699 in
1528 1628 1598 1703 illis

289 1738 405 1800 deesse
433 1737 532 1816 vidit,
568 1734 663 1819 plura
692 1737 873 1821 corruperit
894 1758 990 1821 quam
1012 1738 1202 1800 correxerit.
1249 1736 1360 1819 sedin
1384 1737 1490 1802 altero
1513 1738 1598 1803 Vos·

290 1839 400 1918 siano,
428 1859 524 1924 quem
548 1837 576 1899 R
599 1835 684 1899 dixit
705 1835 966 1917 Lindcnrannus,
996 1836 1099 1900 multa
1118 1839 1213 1924 quasi
1235 1837 1405 1902 cuiusdam
1428 1860 1599 1905 commen·

289 1941 365 2003 tarii
388 1942 491 2002 instar
513 1939 546 2001 in
570 1939 675 2024 ipsam
696 1938 942 2002 continuitatem
967 1938 1140 2002 verborum
1164 1949 1295 2027 recepto
1318 1949 1410 2020 sunt,
1434 1962 1523 2027 quae
1539 1943 1599 2007 ille

291 2041 487 2104 scholiorum
512 2040 583 2103 loco
606 2041 639 2102 in
661 2038 759 2102 finem
783 2038 856 2102 libri
882 2041 1004 2103 reiecit.
1042 2062 1085 2103 ex
1108 2040 1158 2104 his
1182 2063 1304 2126 pauca,
1325 2062 1409 2128 quae
1430 2041 1459 2104 L
1481 2042 1599 2109 littera

289 2142 433 2206 indicata
448 2151 534 2220 sunt,
553 2139 779 2204 Lindemanno
796 2151 928 2204 auctore
945 2142 978 2205 in
991 2163 1094 2204 meam
1110 2141 1352 2206 adnotationem
1368 2148 1597 2232 transscripsi,

288 2243 439 2328 idemque
456 2243 585 2326 signnm
601 2242 714 2327 paucis
730 2243 801 2304 eins
818 2241 893 2305 libri
905 2243 1074 2328 scripturis
1090 2243 1171 2329 ipsis
1186 2266 1315 2330 quoque
1330 2265 1351 2306 a
1362 2243 1597 2311 Lindemanuo

288 2345 399 2431 petitis
419 2342 568 2430 adposui.
612 2342 832 2407 Lindemanni
856 2344 1031 2407 editionem
1054 2354 1168 2431 postea
1195 2347 1348 2430 repetivit
1376 2345 1596 2431 Krehlius‚

289 2447 344 2532 qui
368 2447 400 2508 in
423 2447 638 2532 prioreparte
657 2443 732 2508 libri
753 2446 849 2508 etiam
862 2443 1052 2509 Monacensi
1067 2444 1177 2531 aliquo
1193 2446 1306 2510 codice
1321 2446 1373 2512 rel
1391 2449 1598 2533 fragmento,

288 2556 324 2610 ut
345 2547 416 2632 ipse
437 2546 551 2610 scribit
559 2595 568 2629 ,
590 2544 774 2610 collationis
794 2546 1000 2611 Monacensis
1019 2569 1098 2609 usus
1121 2557 1181 2610 est.

374 2648 526 2734 Denique
548 2648 653 2711 adieci
675 2646 822 2711 libellum
845 2649 891 2713 de
914 2647 1172 2729 accentibus,
1193 2652 1250 2736 qui
1273 2648 1436 2715 Prisciani
1458 2653 1597 2720 nomine

289 2752 467 2835 inscriptus
492 2750 611 2830 fertur,
634 2770 832 2834 quamquam
853 2772 925 2813 cum
948 2772 1013 2813 non
1037 2771 1109 2814 esse
1126 2772 1145 2812 a
1160 2751 1332 2815 Prisciano
1349 2754 1508 2837 scriptum
1527 2776 1595 2820 non

289 2861 368 2937 puto
392 2851 490 2935 longa
511 2850 732 2937 disputatione
755 2850 1012 2915 confirmandum
1035 2872 1118 2915 csse.
1164 2873 1238 2915 narn
1268 2874 1333 2916 non
1360 2853 1467 2919 solum
1496 2877 1598 2921 omne

288 2950 420 3015 dicendi
436 2974 540 3036 genus
563 2952 605 3015 ab
628 2954 690 3016 hoc.
708 2953 922 3037 grammatico
943 2974 1076 3039 prorsus
1099 2952 1256 3036 alienum,
1277 2978 1319 3018 ne
1335 2955 1442 3018 dicam
1459 2958 1546 3024 rude
1563 2970 1599 3024 et

289 3193 395 3258 scripsi.
433 3193 479 3242 ‘ln
493 3192 644 3241 Germania
662 3190 749 3241 multa
767 3194 936 3242 monasteria
954 3198 1016 3242 sunt
1035 3192 1213 3244 bibliothecis
1225 3193 1355 3244 librorum
1366 3196 1533 3249 Latinorum
1552 3215 1595 3250 rc·

288 3279 373 3327 serta:
393 3293 462 3341 quae
481 3292 526 3325 res
543 3293 619 3341 spem
639 3276 704 3324 mihi
723 3277 826 3327 attulit.
847 3277 954 3341 aliquos
967 3276 1096 3325 librorum
1110 3277 1261 3337 Ciceronis,
1275 3280 1417 3344 Varronis,
1432 3282 1508 3332 Livii
1524 3284 1595 3335 alio·

288 3378 400 3427 rumque
419 3361 639 3410 doctissimorum
659 3362 786 3413 rirormn.
807 3363 852 3424 qui
872 3362 988 3410 extincti
1007 3363 1118 3425 penitus
1136 3378 1197 3412 csse
1215 3352 1353 3423 ridentur,
1372 3365 1400 3413 in
1420 3365 1512 3417 lucem
1527 3385 1595 3420 reu-

289 3453 373 3505 turos,
394 3448 418 3495 si
437 3450 571 3494 accurata
590 3446 771 3510 investigatio
790 3446 976 3495 adhiberetur.
1005 3461 1068 3494 nam
1082 3462 1143 3494 cum
1155 3445 1198 3495 his
1211 3449 1343 3512 proximis
1356 3449 1456 3499 dielms
1469 3468 1504 3501 ex
1518 3470 1597 3504 com-

287 3533 393 3596 posito,
413 3531 489 3578 tama
508 3528 697 3578 bibliothecae
716 3529 820 3583 allecti,
840 3545 894 3579 una
915 3544 973 3577 cum
989 3530 1093 3595 Pogpio
1112 3540 1194 3594 atquc
1208 3532 1421 3582 bartholomaeo
1433 3535 1596 3603 Moutcpul·

288 3618 370 3663 ciauo
390 3614 423 3663 ad
442 3614 571 3678 oppidum
591 3612 617 3661 S.
637 3612 711 3660 Galli
730 3613 947 3667 ‹tet-enisurum,
967 3614 1165 3665 bibliothecam
1184 3616 1300 3679 ingressi
1319 3619 1429 3667 Iasonis
1447 3620 1597 3687 Argonau-

288 3700 363 3747 ticon
377 3714 393 3747 a
407 3697 438 3746 C.
452 3696 562 3746 Valerio
576 3697 679 3746 Flacco
693 3697 795 3745 editum
809 3698 977 3746 carminibus
996 3698 1143 3748 luculentis
1162 3708 1245 3764 atque
1264 3702 1396 3764 gravibus
1409 3719 1426 3752 a
1439 3706 1596 3758 maiestate

288 3783 405 3832 metrica
424 3783 535 3831 minime
555 3781 767 3830 abhorrentibus
786 3781 953 3829 irmenimus:
973 3782 1073 3833 deiude
1093 3793 1256 3848 argumenta
1276 3787 1410 3850 quaedam
1424 3788 1518 3839 soluta
1531 3807 1597 3842 ora·

288 3870 363 3918 tione
384 3867 513 3917 conlecta
532 3881 613 3930 super
631 3865 736 3929 aliquot
749 3866 893 3915 Ciceronis
912 3867 1092 3925 orationibus,
1112 3885 1145 3917 ex
1158 3869 1256 3931 quibus
1269 3869 1348 3920 multi
1361 3886 1509 3923 causarum
1523 3877 1598 3928 ritus

287 3952 444 4015 multaeque
464 3952 567 4000 veteris
586 3952 707 3999 instituti
725 3951 861 4014 paritatca
880 3958 975 4015 aperte
995 3954 1124 4017 cognosci
1142 3960 1264 4017 possunt.
1300 3961 1426 4019 repertus
1444 3964 1489 4008 eat
1506 3961 1597 4013 etiam

287 4037 358 4087 liber
376 4036 486 4101 quidam
506 4035 642 4083 volumine
661 4050 769 4099 parvus,
790 4035 980 4098 rnapnitmliuc
1000 4046 1091 4084 nauem
1111 4035 1285 4101 eloquentiae
1305 4041 1526 4108 prudentiaeque
1547 4062 1597 4096 ex-

288 4122 519 4179 cellentissimus,
544 4120 708 4169 Lactantius
732 4119 842 4169 scilicet
867 4121 899 4169 de
925 4132 1039 4184 utroque
1063 4120 1186 4177 homine,
1212 4122 1258 4170 ubi
1283 4122 1364 4187 plane
1383 4125 1489 4175 refellit
1509 4146 1598 4182 sensa

288 4221 396 4264 eontra,
422 4207 467 4270 qui
496 4204 641 4253 hnnmnam
667 4204 854 4254 conditionem
879 4203 1031 4253 belluarum
1054 4211 1129 4254 statu
1152 4206 1326 4255 humiliorem
1353 4208 1597 4280 ‹lciectioremque

288 4298 460 4340 asseverant.
496 4291 568 4338 inter
591 4305 657 4353 quos
675 4290 816 4338 l'itrmius
840 4289 873 4339 de
898 4288 1085 4337 architectura
1109 4298 1191 4354 utque
1210 4291 1371 4340 Priscianus
1389 4300 1598 4356 grammaticus

288 4376 422 4440 quaedam
437 4374 546 4440 virgilii
560 4375 683 4423 carmina
697 4384 885 4423 commentans
904 4374 1009 4422 inventi
1027 4382 1097 4422 suru.
1130 4382 1190 4423 erat
1208 4381 1355 4439 practerea
1373 4378 1401 4425 in
1420 4377 1472 4428 illa
1491 4380 1597 4433 biblio·

287 4459 371 4508 theca
389 4458 461 4508 liber
479 4458 588 4522 quidam
607 4476 641 4509 ex
660 4459 808 4509 corticibus
827 4459 966 4507 urinarum:
993 4459 1039 4522 qui
1057 4459 1176 4509 cortices
1195 4460 1296 4509 Latino
1315 4477 1441 4511 scribone
1460 4463 1528 4515 libri
1548 4484 1598 4521 ro-

288 4550 401 4595 cautur.
427 4543 512 4601 unde,
538 4542 764 4607 quemadmodum
790 4543 862 4607 apud
881 4542 1077 4605 llicrouynmm
1103 4549 1158 4603 eat,
1184 4544 1247 4593 libri
1271 4561 1348 4594 suum
1372 4561 1474 4597 nomen
1498 4552 1599 4619 adepti

288 4632 359 4675 aunt.
396 4628 420 4675 is
439 4641 603 4690 quamquam
622 4642 676 4676 non
696 4627 838 4676 admodum
852 4628 984 4675 bonarum
998 4627 1192 4690 scripturarum
1207 4630 1325 4678 refertus
1338 4629 1493 4697 plenusque
1508 4646 1598 4704 esset,

289 4714 383 4759 umen
405 4720 518 4776 propter
540 4709 616 4759 illam
640 4718 765 4759 sanctam
789 4713 1026 4774 incorruptamque
1050 4717 1217 4761 vetustatem
1236 4729 1341 4763 summa
1360 4729 1421 4764 curn
1441 4717 1600 4775 devotione

288 4792 448 4859 complexus
465 4808 533 4844 aum.
571 4794 665 4844 horum
684 4794 792 4858 quidem
811 4796 929 4845 omnium
948 4794 1079 4845 librorum
1097 4796 1223 4862 exemplu
1242 4797 1394 4853 habemus’.
