3352 5490
241 339 304 401 aas
473 300 476 307 ’
793 335 1000 399 ruscum·

307 451 438 496 ‚turon
1337 449 1484 493 ‚oseem

242 467 318 588 utitis
337 544 354 583 o
376 522 415 584 llli
436 531 465 582 et
485 541 503 580 o
527 504 584 582 ldie
604 520 713 600 duplici
735 521 878 601 prolatum
902 522 1041 583 vocativo.
1073 530 1186 583 veteres
1202 529 1299 583 tamen
1316 463 1475 600 :liquando
1492 520 1540 582 vel

240 625 326 691 metri
339 623 382 684 vel
396 622 558 703 euphoniae
573 640 661 682 causa
678 622 863 683 nominativis
880 630 1002 684 utuntur
1015 643 1068 703 pro
1083 624 1229 685 vocativis.
1251 624 1281 685 in
1299 644 1353 685 eus
1367 624 1539 685 desinentia

243 727 352 788 Graeca
373 732 443 786 sunt
457 732 569 785 tautum
590 732 620 783 et
640 723 800 784 vocativum
823 733 941 785 servant
964 713 1124 798 Graecum,
1146 725 1294 803 quomodo
1310 721 1324 808 11
1338 733 1366 785 et
1387 724 1539 786 accusati·

242 847 325 903 vum;
343 835 373 887 et
393 825 450 887 hoc
472 824 709 902 frequentissime
736 824 765 885 iu
788 825 924 886 omnibus
947 827 1071 887 Graecas
1092 826 1275 900 nominibus,
1294 826 1441 905 quomodo
1461 826 1540 887 dixi·

191 944 225 994 ab
241 950 308 994 mus
333 929 635 1005 superseminatorem
664 925 693 986 iu
717 927 816 986 multis
846 927 907 987 lieri
937 927 1064 988 casibus.
1109 928 1304 989 nominativus
1327 937 1356 988 et
1381 927 1537 988 vocativus
1560 946 1575 984 s

241 1031 369 1112 plurales
394 1028 541 1091 secundae
564 1027 767 1088 declinationis
796 1047 849 1107 per
870 1028 878 1088 i
900 1028 1054 1102 liniuntur,
1083 1036 1114 1089 ut
1135 1028 1166 1089 1ιὶ
1187 1037 1218 1089 et
1239 1049 1256 1089 o
1277 1029 1384 1108 magni.
1429 1038 1536 1090 neutra

240 1141 339 1195 autem
366 1140 424 1192 tarn
452 1130 515 1190 eius
543 1146 631 1207 quam
653 1128 774 1190 aliarum
800 1129 1043 1204 declinationum,
1068 1130 1228 1208 inquibus
1255 1130 1457 1203 inveniuntur,
1480 1149 1537 1191 no·

242 1235 410 1297 miuativum
431 1240 461 1292 et
483 1230 680 1292 accusatimm
702 1238 732 1291 et
753 1229 914 1290 vocativum
937 1229 1078 1309 pluralem
1098 1231 1128 1292 in
1151 1251 1166 1291 a
1189 1231 1363 1306 terminant,
1385 1231 1537 1310 quomodo

242 1346 272 1398 et
293 1336 370 1416 apud
387 1334 524 1395 Graecos.
569 1331 719 1410 genetivus
742 1331 866 1391 ablativo
889 1331 1027 1410 singulari
1051 1332 1233 1394 additarum
1255 1334 1419 1411 protertur,
1444 1342 1478 1394 ut
1496 1333 1535 1395 ab
1631 1374 1636 1381 -

241 1439 298 1499 boc
326 1455 432 1515 magno
454 1435 560 1496 borum
585 1451 771 1512 magnorum,
795 1433 908 1494 dativus
929 1441 959 1493 et
980 1432 1123 1496 ablativus
1145 1435 1175 1495 iu
1199 1435 1241 1508 is,
1261 1443 1294 1495 ιιι
1311 1434 1358 1496 bis
1376 1443 1405 1494 et
1425 1433 1463 1495 ab
1487 1431 1574 1496 bisve

241 1539 370 1617 magnis,
393 1536 577 1598 accusativus
596 1535 626 1596 iu
645 1553 695 1608 cs,
717 1542 750 1594 ιιι
765 1534 820 1594 bos
841 1552 974 1612 magnos.

191 1650 225 1699 27
326 1639 442 1699 Tertiae
464 1636 667 1698 declinationis
688 1635 840 1714 genetivus
862 1635 892 1696 in
915 1636 940 1697 is
962 1644 1126 1717 correptam
1152 1637 1224 1709 exit,
1250 1644 1282 1697 ut
1301 1636 1349 1697 hic
1371 1654 1422 1696 rex
1443 1634 1535 1698 huius

241 1741 335 1819 regis,
359 1739 472 1799 dativus
496 1738 525 1798 in
549 1738 572 1809 i,
596 1737 717 1798 ιιι1ιιι1ι1
739 1737 815 1814 regi,
840 1738 1024 1799 accusativus
1044 1739 1073 1799 in
1096 1738 1244 1818 plerisque
1262 1738 1292 1798 in
1312 1757 1375 1810 em,
1397 1745 1430 1796 ut
1451 1736 1535 1798 bunc

241 1860 355 1920 regem,
375 1840 404 1900 in
426 1838 527 1918 paucis
549 1857 617 1899 vero
639 1839 667 1899 in
683 1839 737 1912 im,
760 1845 792 1898 ιιι
811 1838 889 1898 hunc
905 1838 1047 1912 Tiberim,
1068 1840 1145 1900 hanc
1164 1839 1265 1900 restim
1286 1839 1406 1919 puppim
1427 1839 1533 1899 turrim

241 1944 335 2015 sitim,
356 1941 393 2002 de
414 1939 521 2018 quibus
538 1940 568 1999 in
590 1939 715 2018 septimo
737 1939 810 2001 libro
833 1939 1008 2001 denomino
1029 1940 1117 2002 letius
1138 1940 1337 2020 exposuimus.
1382 1941 1533 2002 vocativus
1546 1962 1572 2003 rs

239 2044 344 2106 similis
370 2051 416 2103 est
442 2041 635 2114 nominativo,
665 2049 697 2102 ut
717 2039 765 2101 hic
786 2059 837 2103 rex
859 2048 889 2101 et
909 2061 926 2101 o
949 2060 1008 2101 rex.
1053 2042 1082 2102 in
1102 2041 1226 2103 Graecis
1244 2049 1339 2102 autem
1362 2042 1533 2103 nominibus

238 2147 308 2208 licet
331 2153 360 2205 et
387 2143 517 2219 vocativo
545 2160 612 2203 esse
634 2142 762 2216 Graeco,
791 2141 867 2203 sicut
895 2161 983 2222 supra
1006 2142 1203 2216 dictumest,
1227 2153 1260 2205 ut
1279 2160 1297 2202 o
1318 2143 1415 2204 Tiberi
1436 2151 1531 2224 pater,

239 2246 380 2310 ablativus
399 2246 430 2306 in
452 2243 625 2323 quibusdam
649 2262 703 2323 per
722 2264 738 2304 e
762 2252 943 2324 correptam,
968 2252 999 2304 ut
1015 2244 1052 2305 ab
1075 2245 1209 2317 bomine,
1232 2246 1261 2304 in
1283 2244 1456 2323 quibusdam
1477 2266 1533 2326 per

188 2367 223 2418 28
241 2350 267 2424 i,
290 2357 321 2410 ul
342 2367 358 2409 a
379 2346 492 2419 Tiberi,
516 2345 545 2406 in
568 2344 742 2422 quibusdam
764 2365 855 2424 pere
877 2354 907 2406 et
928 2365 981 2425 per
1003 2346 1028 2418 i,
1048 2354 1115 2407 uta
1140 2346 1224 2408 felice
1248 2345 1291 2407 vel
1309 2365 1325 2406 a
1342 2345 1429 2406 ielici.
1477 2366 1532 2407 no·

208 2490 212 2497 -
239 2448 394 2511 minativus
412 2455 441 2508 et
456 2447 639 2507 accusativus
655 2455 689 2519 ,et
708 2447 854 2508 vocativus
870 2439 991 2526 pluralis
1012 2448 1114 2508 tertiae
1136 2446 1337 2509 declinationis
1353 2448 1383 2508 in
1405 2467 1437 2509 es
1459 2468 1567 2528 pro-vo

239 2552 355 2613 ductam
378 2549 531 2622 desinunt,
553 2561 585 2610 ut
607 2548 636 2609 bi
659 2556 688 2609 et
709 2549 763 2609 hos
787 2556 816 2609 el
837 2568 855 2608 o
878 2567 972 2626 reges.
1017 2548 1047 2608 in
1069 2549 1244 2627 quibusdam
1266 2559 1362 2631 optem
1384 2551 1532 2636 accusati·

239 2672 292 2714 vus
315 2652 399 2712 etiam
422 2651 451 2711 in
471 2651 497 2711 is
515 2650 628 2724 linitur,
652 2658 685 2710 ut
700 2650 755 2709 hos
775 2658 805 2710 ct
824 2649 878 2710 bas
901 2670 1004 2711 omues
1026 2658 1056 2711 et
1077 2651 1182 2712 omnis.
1228 2651 1378 2729 genetivus
1401 2651 1531 2731 plerum-

237 2754 349 2834 quein
381 2772 428 2813 um
459 2770 519 2813 uon
547 2751 739 2812 antecedente
765 2751 790 2826 i,
822 2758 853 2812 ut
881 2770 897 2812 a
927 2771 997 2830 rege
1026 2771 1142 2831 regum,
1171 2752 1200 2813 in
1230 2752 1403 2830 quibusdam
1430 2763 1529 2815 autem

238 2854 430 2918 antecedente
454 2854 479 2926 i,
502 2862 534 2914 ιιι
556 2853 661 2914 horum
683 2851 842 2924 montium,
866 2852 903 2912 de
924 2854 1031 2930 quibus
1051 2854 1081 2914 in
1108 2854 1232 2933 septimo
1255 2853 1329 2915 libro
1352 2854 1389 2914 de
1410 2855 1530 2915 nomine

239 2957 408 3031 docuimus3
432 2955 546 3016 dativus
565 2962 594 3014 et
616 2953 757 3015 ablativus
779 2953 809 3014 in
832 2954 903 3027 bus,
922 2963 955 3015 ut
977 2955 1022 3015 uis
1045 2964 1074 3015 et
1093 2955 1129 3015 ab
1157 2955 1203 3016 bis
1225 2954 1353 3034 regibus.
1537 2981 1565 3020 aa

188 3076 222 3129 29
326 3058 453 3129 Quartae
481 3054 684 3116 declinationis
708 3056 860 3134 genetivus
888 3056 918 3116 iu
947 3076 982 3117 us
1008 3057 1180 3136 productam
1211 3056 1330 3128 desinit,
1359 3064 1392 3117 ut
1411 3057 1459 3117 bic
1482 3077 1530 3118 se-

238 3169 325 3223 natus
347 3159 434 3220 bidus
453 3166 588 3231 senatus,
610 3156 723 3218 dativus
743 3158 771 3218 in
795 3157 839 3231 ui,
863 3165 896 3217 ut
916 3157 985 3219 buic
1008 3158 1137 3230 senatui,
1158 3158 1341 3220 accusativus
1361 3159 1390 3219 iu
1415 3179 1473 3231 um,
1497 3168 1529 3220 ut

238 3264 317 3324 lruuc
344 3267 495 3334 senatum,
526 3259 674 3319 vocativus
703 3259 806 3320 similis
834 3267 879 3320 est
906 3259 1098 3333 nominativo,
1126 3267 1159 3320 ut
1180 3282 1197 3321 o
1221 3268 1356 3334 senatus,
1385 3257 1528 3321 ablativus

238 3366 268 3426 in
297 3383 315 3425 ιι
345 3362 532 3442 productam,
560 3367 593 3420 ut
619 3360 655 3421 ab
686 3361 744 3421 hoc
775 3370 888 3421 senatu.
933 3361 1064 3423 eiusdem
1096 3360 1298 3422 declinationis
1332 3360 1527 3424 nominativus
1569 3402 1574 3410 ·

238 3466 358 3548 pluralis
386 3473 415 3525 et
442 3461 625 3523 accusativus
651 3470 680 3521 et
702 3458 858 3542 vocaltivus
881 3462 910 3522 in
934 3483 970 3524 us
997 3463 1190 3543 productam,
1214 3471 1245 3522 ut
1274 3463 1303 3522 bi
1326 3470 1355 3522 et
1377 3462 1432 3522 bos
1458 3471 1487 3523 et
1509 3483 1565 3532 oso

238 3577 373 3641 senatus,
401 3564 553 3640 genetivus
577 3563 605 3623 in
634 3581 719 3637 uum,
749 3573 781 3624 ut
807 3563 911 3624 borum
938 3572 1108 3640 senatuum,
1137 3564 1250 3624 dativus
1276 3573 1305 3624 et
1327 3564 1469 3626 ablativus
1496 3565 1528 3625 in

236 3670 308 3744 bus,
329 3677 361 3730 ut
382 3667 429 3727 bis
451 3675 478 3726 et
501 3665 538 3726 ab
558 3664 605 3725 his
620 3660 634 3746 ΙΙ
649 3664 808 3725 senatibus.

186 3779 221 3833 30
325 3769 449 3841 Quintae
472 3765 675 3827 declinationis
699 3766 852 3844 genetivus
873 3776 903 3827 et
923 3767 1037 3829 dativus
1061 3766 1217 3846 singularis
1240 3768 1269 3828 in
1293 3769 1318 3828 ei
1342 3767 1449 3829 divisas
1469 3767 1529 3847 syl·

236 3871 318 3933 labas
341 3870 545 3951 proteruntur,
574 3876 606 3930 ut
627 3867 714 3929 hvrius
741 3878 770 3929 et
798 3869 866 3929 lvuic
886 3869 944 3945 rei,
964 3870 1146 3931 accusativus
1170 3871 1199 3930 in
1220 3888 1282 3944 cnr,
1302 3877 1334 3930 ut
1355 3870 1432 3930 banc
1452 3887 1527 3944 rem,

236 3976 385 4037 vocativus
410 3971 514 4035 similis
541 3980 585 4034 est
613 3968 805 4043 nominativo,
829 3978 861 4031 ut
882 3990 900 4030 c
921 3989 985 4043 ves,
1012 3971 1155 4033 ablativus
1183 3972 1212 4031 in
1240 3991 1255 4032 e
1284 3971 1471 4052 productam,
1493 3979 1564 4035 utss

236 4077 273 4138 ab
296 4079 350 4137 hac
373 4094 414 4136 re.
460 4073 654 4135 nominativus
681 4079 710 4132 et
737 4071 919 4133 accusativus
946 4080 975 4133 et
999 4073 1148 4134 vocativus
1174 4072 1295 4154 pluralis
1320 4072 1450 4133 eiusdem
1473 4072 1525 4132 de·

235 4178 401 4240 clinationis
422 4177 452 4237 in
476 4195 508 4238 es
530 4175 702 4255 productam
725 4181 846 4247 exeunt,
869 4183 901 4234 nt
923 4175 978 4235 bae
999 4183 1030 4235 ct
1049 4175 1103 4235 has
1126 4184 1155 4235 et
1176 4194 1193 4232 o
1215 4193 1278 4244 res,
1301 4175 1453 4252 genetivus
1476 4174 1527 4234 ad-

235 4280 294 4341 dita
319 4298 383 4341 rum
407 4277 516 4357 syllaba
538 4276 662 4338 ablativo
683 4273 838 4354 singulari,
866 4258 898 4336 ul
919 4276 956 4336 ab
973 4276 1028 4337 hac
1050 4296 1082 4337 re
1104 4277 1206 4336 harum
1230 4295 1342 4349 rerum,
1363 4276 1474 4338 dativus
1499 4285 1528 4336 et

235 4380 378 4443 ablativus
396 4380 427 4441 iu
448 4379 520 4452 bus,
541 4386 574 4440 ut
592 4378 638 4439 his
660 4385 689 4438 ct
709 4376 746 4437 ab
766 4377 812 4439 his
835 4376 933 4439 rebus.

304 4603 321 4651 4
344 4601 368 4649 in
388 4599 505 4649 onvvribns
528 4598 631 4648 Graecis
650 4598 792 4647 uonaiuibus
812 4597 938 4662 quomodo
957 4598 1070 4648 diximus
1089 4598 1207 4663 strpevins
1225 4599 1340 4648 inuenies
1360 4599 1384 4648 in
1404 4600 1491 4650 muns
1509 4614 1526 4657 ς

234 4671 260 4720 iu
275 4670 391 4720 omnibus
411 4668 554 4718 nominibus
573 4669 699 4730 quomodo
716 4668 828 4716 diximus
848 4669 871 4716 in
892 4668 1016 4718 multisG
1082 4668 1100 4719 8
1117 4669 1253 4716 terminant
1274 4683 1290 4730 ς
1325 4671 1486 4718 terminantia
1506 4672 1528 4722 0

323 4738 354 4788 11)
374 4739 399 4786 iu
418 4738 526 4803 septimo
543 4734 619 4800 libro]
637 4753 666 4800 p.
685 4737 736 4786 ibi
755 4753 811 4802 sqq.
903 4739 933 4787 li
952 4735 1022 4802 csso]
1038 4738 1073 4787 uti
1090 4751 1107 4793 ς
1196 4752 1276 4786 corn.
1291 4740 1319 4801 0,
1340 4739 1401 4790 cdd.
1420 4753 1437 4794 ς

232 4808 265 4859 21
282 4808 401 4858 desinunt
414 4822 431 4862 ς
449 4806 585 4856 desinite
635 4805 670 4858 ²3
684 4821 733 4856 non
750 4807 935 4857 iuuteeedente
953 4808 1012 4857 utG
1064 4809 1098 4856 24
1116 4807 1141 4856 in
1154 4809 1262 4872 septimo
1281 4805 1356 4872 libro]
1370 4823 1396 4872 p.
1408 4807 1524 4875 iidaqp.
