<?xml version="1.0" encoding="UTF-8"?>
<!DOCTYPE html PUBLIC "-//W3C//DTD XHTML 1.0 Transitional//EN"
    "http://www.w3.org/TR/xhtml1/DTD/xhtml1-transitional.dtd">
<html xmlns="http://www.w3.org/1999/xhtml" xml:lang="en" lang="en">
 <head>
  <title>
</title>
<meta http-equiv="Content-Type" content="text/html;charset=utf-8" />
  <meta name='ocr-system' content='tesseract 3.04.00' />
  <meta name='ocr-capabilities' content='ocr_page ocr_carea ocr_par ocr_line ocrx_word'/>
</head>
<body>
  <div class='ocr_page' id='page_1' title='image "./grammaticilatin07keilgoog_0420.png"; bbox 0 0 3352 5490; ppageno 0'>
   <div class='ocr_carea' id='block_1_1' title="bbox 658 336 1416 403">
    <p class='ocr_par' dir='ltr' id='par_1_1' title="bbox 658 336 1416 403">
     <span class='ocr_line' id='line_1_1' title="bbox 658 336 1416 403; baseline 0.007 -8"><span class='ocrx_word' id='word_1_1' title='bbox 658 336 869 396; x_wconf 73' lang='lat' dir='ltr'><strong>PRAEFATIO</strong></span> <span class='ocrx_word' id='word_1_2' title='bbox 1353 341 1416 403; x_wconf 81' lang='lat'><strong>389</strong></span> 
     </span>
    </p>
   </div>
   <div class='ocr_carea' id='block_1_2' title="bbox 73 515 1499 4860">
    <p class='ocr_par' dir='ltr' id='par_1_2' title="bbox 73 515 1499 4860">
     <span class='ocr_line' id='line_1_2' title="bbox 118 515 1415 606; baseline 0.006 -27"><span class='ocrx_word' id='word_1_3' title='bbox 118 515 295 579; x_wconf 80' lang='lat' dir='ltr'><strong>ticenum</strong></span> <span class='ocrx_word' id='word_1_4' title='bbox 305 565 314 597; x_wconf 94' lang='lat'><strong>,</strong></span> <span class='ocrx_word' id='word_1_5' title='bbox 335 520 391 602; x_wconf 91' lang='lat' dir='ltr'><strong>qui</strong></span> <span class='ocrx_word' id='word_1_6' title='bbox 408 526 459 581; x_wconf 91' lang='lat' dir='ltr'><strong>est</strong></span> <span class='ocrx_word' id='word_1_7' title='bbox 478 519 512 582; x_wconf 91' lang='lat' dir='ltr'><strong>in</strong></span> <span class='ocrx_word' id='word_1_8' title='bbox 529 517 729 582; x_wconf 82' lang='lat' dir='ltr'>bibliotheca</span> <span class='ocrx_word' id='word_1_9' title='bbox 745 519 930 584; x_wconf 78' lang='lat' dir='ltr'><strong>Christinae</strong></span> <span class='ocrx_word' id='word_1_10' title='bbox 946 521 1080 605; x_wconf 87' lang='lat' dir='ltr'><strong>reginae</strong></span> <span class='ocrx_word' id='word_1_11' title='bbox 1098 521 1234 585; x_wconf 83' lang='lat' dir='ltr'><strong>Sueriae</strong></span> <span class='ocrx_word' id='word_1_12' title='bbox 1250 527 1330 593; x_wconf 80' lang='grc'>17119</span> <span class='ocrx_word' id='word_1_13' title='bbox 1343 526 1415 606; x_wconf 85' lang='grc' dir='ltr'>(Β).</span> 
     </span>
     <span class='ocr_line' id='line_1_3' title="bbox 117 617 1417 710; baseline 0.008 -30"><span class='ocrx_word' id='word_1_14' title='bbox 117 618 145 680; x_wconf 89' lang='lat' dir='ltr'><strong>is</strong></span> <span class='ocrx_word' id='word_1_15' title='bbox 168 627 218 680; x_wconf 90' lang='lat' dir='ltr'><strong>est</strong></span> <span class='ocrx_word' id='word_1_16' title='bbox 239 617 507 684; x_wconf 86' lang='lat' dir='ltr'><strong>membranaceus</strong></span> <span class='ocrx_word' id='word_1_17' title='bbox 530 620 635 683; x_wconf 88' lang='lat' dir='ltr'><strong>forma</strong></span> <span class='ocrx_word' id='word_1_18' title='bbox 657 620 817 705; x_wconf 86' lang='lat' dir='ltr'><strong>quadrata</strong></span> <span class='ocrx_word' id='word_1_19' title='bbox 843 619 974 685; x_wconf 88' lang='lat' dir='ltr'><strong>saeculo</strong></span> <span class='ocrx_word' id='word_1_20' title='bbox 1001 621 1127 686; x_wconf 91' lang='lat' dir='ltr'><strong>decimo</strong></span> <span class='ocrx_word' id='word_1_21' title='bbox 1157 624 1307 710; x_wconf 84' lang='lat' dir='ltr'><strong>scriptus.</strong></span> <span class='ocrx_word' id='word_1_22' title='bbox 1353 625 1417 690; x_wconf 86' lang='lat' dir='ltr'><strong>fuit</strong></span> 
     </span>
     <span class='ocr_line' id='line_1_4' title="bbox 117 717 1415 811; baseline 0.006 -29"><span class='ocrx_word' id='word_1_23' title='bbox 117 717 195 782; x_wconf 91' lang='lat' dir='ltr'><strong>olim</strong></span> <span class='ocrx_word' id='word_1_24' title='bbox 211 717 301 782; x_wconf 91' lang='lat' dir='ltr'><strong>Petri</strong></span> <span class='ocrx_word' id='word_1_25' title='bbox 317 717 482 801; x_wconf 80' lang='lat' dir='ltr'><strong>Danielis,</strong></span> <span class='ocrx_word' id='word_1_26' title='bbox 506 721 600 784; x_wconf 89' lang='lat' dir='ltr'><strong>cuius</strong></span> <span class='ocrx_word' id='word_1_27' title='bbox 621 743 739 785; x_wconf 90' lang='lat' dir='ltr'><strong>nomen</strong></span> <span class='ocrx_word' id='word_1_28' title='bbox 758 723 792 784; x_wconf 91' lang='lat' dir='ltr'><strong>in</strong></span> <span class='ocrx_word' id='word_1_29' title='bbox 815 721 937 785; x_wconf 82' lang='lat' dir='ltr'><strong>scheda</strong></span> <span class='ocrx_word' id='word_1_30' title='bbox 956 723 1121 786; x_wconf 88' lang='lat' dir='ltr'><strong>tricesima</strong></span> <span class='ocrx_word' id='word_1_31' title='bbox 1136 724 1242 808; x_wconf 89' lang='lat' dir='ltr'><strong>prima</strong></span> <span class='ocrx_word' id='word_1_32' title='bbox 1257 728 1415 811; x_wconf 91' lang='lat' dir='ltr'><strong>scriptum</strong></span> 
     </span>
     <span class='ocr_line' id='line_1_5' title="bbox 116 820 1414 910; baseline 0.005 -26"><span class='ocrx_word' id='word_1_33' title='bbox 116 830 166 884; x_wconf 89' lang='lat' dir='ltr'><strong>cst</strong></span> <span class='ocrx_word' id='word_1_34' title='bbox 195 821 258 902; x_wconf 93' lang='lat' dir='ltr'><strong>ita,</strong></span> <span class='ocrx_word' id='word_1_35' title='bbox 298 823 358 885; x_wconf 80' lang='lat' dir='ltr'><strong>‘ex</strong></span> <span class='ocrx_word' id='word_1_36' title='bbox 385 820 479 884; x_wconf 90' lang='lat' dir='ltr'><strong>libris</strong></span> <span class='ocrx_word' id='word_1_37' title='bbox 509 821 598 885; x_wconf 89' lang='lat' dir='ltr'><strong>Petri</strong></span> <span class='ocrx_word' id='word_1_38' title='bbox 624 820 808 885; x_wconf 87' lang='lat' dir='ltr'><strong>Danielis&#39;.</strong></span> <span class='ocrx_word' id='word_1_39' title='bbox 859 823 1005 886; x_wconf 88' lang='lat' dir='ltr'><strong>continet</strong></span> <span class='ocrx_word' id='word_1_40' title='bbox 1037 834 1145 888; x_wconf 88' lang='lat' dir='ltr'><strong>autem</strong></span> <span class='ocrx_word' id='word_1_41' title='bbox 1176 827 1314 910; x_wconf 93' lang='lat' dir='ltr'><strong>primum</strong></span> <span class='ocrx_word' id='word_1_42' title='bbox 1348 837 1414 891; x_wconf 89' lang='lat' dir='ltr'><strong>tres</strong></span> 
     </span>
     <span class='ocr_line' id='line_1_6' title="bbox 116 920 1415 1009; baseline 0.006 -25"><span class='ocrx_word' id='word_1_43' title='bbox 116 920 218 985; x_wconf 90' lang='lat' dir='ltr'><strong>libros</strong></span> <span class='ocrx_word' id='word_1_44' title='bbox 238 923 416 1003; x_wconf 82' lang='lat' dir='ltr'><strong>Prisciani,</strong></span> <span class='ocrx_word' id='word_1_45' title='bbox 440 923 481 986; x_wconf 93' lang='lat' dir='ltr'><strong>de</strong></span> <span class='ocrx_word' id='word_1_46' title='bbox 504 922 622 1009; x_wconf 90' lang='lat' dir='ltr'><strong>quibus</strong></span> <span class='ocrx_word' id='word_1_47' title='bbox 646 923 802 1005; x_wconf 78' lang='lat' dir='ltr'><strong>dicimus,</strong></span> <span class='ocrx_word' id='word_1_48' title='bbox 831 922 950 987; x_wconf 90' lang='lat' dir='ltr'><strong>deinde</strong></span> <span class='ocrx_word' id='word_1_49' title='bbox 969 923 1079 987; x_wconf 84' lang='lat' dir='ltr'><strong>Rufini</strong></span> <span class='ocrx_word' id='word_1_50' title='bbox 1099 925 1217 989; x_wconf 92' lang='lat' dir='ltr'><strong>librum</strong></span> <span class='ocrx_word' id='word_1_51' title='bbox 1241 927 1281 991; x_wconf 88' lang='lat' dir='ltr'><strong>de</strong></span> <span class='ocrx_word' id='word_1_52' title='bbox 1304 930 1415 992; x_wconf 88' lang='lat' dir='ltr'><strong>metris</strong></span> 
     </span>
     <span class='ocr_line' id='line_1_7' title="bbox 115 1021 1416 1111; baseline 0.005 -26"><span class='ocrx_word' id='word_1_53' title='bbox 115 1021 338 1107; x_wconf 84' lang='lat' dir='ltr'><strong>Terentianis,</strong></span> <span class='ocrx_word' id='word_1_54' title='bbox 369 1047 466 1111; x_wconf 91' lang='lat' dir='ltr'><strong>quem</strong></span> <span class='ocrx_word' id='word_1_55' title='bbox 488 1023 591 1088; x_wconf 90' lang='lat' dir='ltr'><strong>libelli</strong></span> <span class='ocrx_word' id='word_1_56' title='bbox 614 1023 747 1111; x_wconf 87' lang='lat' dir='ltr'><strong>quidam</strong></span> <span class='ocrx_word' id='word_1_57' title='bbox 769 1025 852 1087; x_wconf 90' lang='lat' dir='ltr'><strong>varii</strong></span> <span class='ocrx_word' id='word_1_58' title='bbox 881 1027 1065 1109; x_wconf 87' lang='lat' dir='ltr'><strong>argumenti</strong></span> <span class='ocrx_word' id='word_1_59' title='bbox 1093 1025 1134 1089; x_wconf 86' lang='lat' dir='ltr'><strong>ab</strong></span> <span class='ocrx_word' id='word_1_60' title='bbox 1159 1026 1346 1092; x_wconf 90' lang='lat' dir='ltr'><strong>hominibus</strong></span> <span class='ocrx_word' id='word_1_61' title='bbox 1370 1031 1416 1092; x_wconf 93' lang='lat' dir='ltr'><strong>in·</strong></span> 
     </span>
     <span class='ocr_line' id='line_1_8' title="bbox 117 1123 1415 1215; baseline 0.006 -29"><span class='ocrx_word' id='word_1_62' title='bbox 117 1123 247 1188; x_wconf 86' lang='lat' dir='ltr'><strong>ferioris</strong></span> <span class='ocrx_word' id='word_1_63' title='bbox 269 1126 387 1189; x_wconf 88' lang='lat' dir='ltr'><strong>aetatis</strong></span> <span class='ocrx_word' id='word_1_64' title='bbox 417 1126 578 1212; x_wconf 79' lang='lat' dir='ltr'><strong>conpositi</strong></span> <span class='ocrx_word' id='word_1_65' title='bbox 605 1127 789 1210; x_wconf 87' lang='lat' dir='ltr'><strong>excipiunt:</strong></span> <span class='ocrx_word' id='word_1_66' title='bbox 822 1127 856 1189; x_wconf 94' lang='lat' dir='ltr'><strong>in</strong></span> <span class='ocrx_word' id='word_1_67' title='bbox 884 1125 1011 1212; x_wconf 88' lang='lat' dir='ltr'><strong>reliqua</strong></span> <span class='ocrx_word' id='word_1_68' title='bbox 1039 1127 1160 1191; x_wconf 88' lang='lat' dir='ltr'><strong>codicis</strong></span> <span class='ocrx_word' id='word_1_69' title='bbox 1187 1138 1280 1215; x_wconf 85' lang='lat' dir='ltr'><strong>parte</strong></span> <span class='ocrx_word' id='word_1_70' title='bbox 1302 1130 1415 1194; x_wconf 81' lang='lat' dir='ltr'><strong>Ovidii</strong></span> 
     </span>
     <span class='ocr_line' id='line_1_9' title="bbox 116 1224 1415 1314; baseline 0.006 -26"><span class='ocrx_word' id='word_1_71' title='bbox 116 1224 272 1290; x_wconf 87' lang='lat' dir='ltr'><strong>fastorum</strong></span> <span class='ocrx_word' id='word_1_72' title='bbox 295 1227 370 1291; x_wconf 87' lang='lat' dir='ltr'><strong>libri</strong></span> <span class='ocrx_word' id='word_1_73' title='bbox 393 1226 459 1291; x_wconf 86' lang='lat' dir='ltr'><strong>alia</strong></span> <span class='ocrx_word' id='word_1_74' title='bbox 480 1249 582 1314; x_wconf 89' lang='lat' dir='ltr'><strong>eaque</strong></span> <span class='ocrx_word' id='word_1_75' title='bbox 602 1228 785 1311; x_wconf 81' lang='lat' dir='ltr'><strong>antiquiore</strong></span> <span class='ocrx_word' id='word_1_76' title='bbox 812 1248 912 1302; x_wconf 83' lang='lat' dir='ltr'><strong>manu</strong></span> <span class='ocrx_word' id='word_1_77' title='bbox 941 1229 1053 1314; x_wconf 91' lang='lat' dir='ltr'><strong>scripti</strong></span> <span class='ocrx_word' id='word_1_78' title='bbox 1080 1239 1165 1292; x_wconf 86' lang='lat' dir='ltr'><strong>sunt.</strong></span> <span class='ocrx_word' id='word_1_79' title='bbox 1211 1232 1296 1295; x_wconf 93' lang='lat' dir='ltr'><strong>hunc</strong></span> <span class='ocrx_word' id='word_1_80' title='bbox 1323 1232 1351 1295; x_wconf 88' lang='lat' dir='ltr'><strong>si</strong></span> <span class='ocrx_word' id='word_1_81' title='bbox 1381 1233 1415 1295; x_wconf 93' lang='lat' dir='ltr'><strong>in</strong></span> 
     </span>
     <span class='ocr_line' id='line_1_10' title="bbox 116 1326 1414 1419; baseline 0.003 -28"><span class='ocrx_word' id='word_1_82' title='bbox 116 1327 267 1391; x_wconf 90' lang='lat' dir='ltr'><strong>omnibus</strong></span> <span class='ocrx_word' id='word_1_83' title='bbox 295 1327 403 1391; x_wconf 90' lang='lat' dir='ltr'><strong>tribus</strong></span> <span class='ocrx_word' id='word_1_84' title='bbox 426 1327 519 1391; x_wconf 91' lang='lat' dir='ltr'><strong>libris</strong></span> <span class='ocrx_word' id='word_1_85' title='bbox 547 1326 775 1403; x_wconf 80' lang='lat' dir='ltr'><strong>contulissem,</strong></span> <span class='ocrx_word' id='word_1_86' title='bbox 805 1350 934 1392; x_wconf 89' lang='lat' dir='ltr'><strong>omnem</strong></span> <span class='ocrx_word' id='word_1_87' title='bbox 957 1332 1137 1416; x_wconf 88' lang='lat' dir='ltr'><strong>scripturae</strong></span> <span class='ocrx_word' id='word_1_88' title='bbox 1160 1330 1414 1419; x_wconf 87' lang='lat' dir='ltr'><strong>discrepantiam</strong></span> 
     </span>
     <span class='ocr_line' id='line_1_11' title="bbox 115 1428 1415 1520; baseline 0.004 -28"><span class='ocrx_word' id='word_1_89' title='bbox 115 1428 349 1492; x_wconf 86' lang='lat' dir='ltr'><strong>exhibuissem.</strong></span> <span class='ocrx_word' id='word_1_90' title='bbox 393 1450 469 1492; x_wconf 90' lang='lat' dir='ltr'><strong>nam</strong></span> <span class='ocrx_word' id='word_1_91' title='bbox 499 1429 626 1493; x_wconf 89' lang='lat' dir='ltr'><strong>etiamsi</strong></span> <span class='ocrx_word' id='word_1_92' title='bbox 656 1430 726 1515; x_wconf 88' lang='lat' dir='ltr'><strong>ipse</strong></span> <span class='ocrx_word' id='word_1_93' title='bbox 745 1452 875 1516; x_wconf 91' lang='lat' dir='ltr'><strong>quoque</strong></span> <span class='ocrx_word' id='word_1_94' title='bbox 895 1430 1032 1494; x_wconf 88' lang='lat' dir='ltr'><strong>eandem</strong></span> <span class='ocrx_word' id='word_1_95' title='bbox 1061 1435 1301 1516; x_wconf 87' lang='lat' dir='ltr'><strong>recensionem,</strong></span> <span class='ocrx_word' id='word_1_96' title='bbox 1331 1456 1415 1520; x_wconf 87' lang='lat' dir='ltr'><strong>quae</strong></span> 
     </span>
     <span class='ocr_line' id='line_1_12' title="bbox 117 1530 1414 1621; baseline 0.005 -29"><span class='ocrx_word' id='word_1_97' title='bbox 117 1531 221 1593; x_wconf 85' lang='lat' dir='ltr'><strong>estin</strong></span> <span class='ocrx_word' id='word_1_98' title='bbox 245 1530 396 1595; x_wconf 86' lang='lat' dir='ltr'><strong>Parisino</strong></span> <span class='ocrx_word' id='word_1_99' title='bbox 418 1540 451 1594; x_wconf 90' lang='lat' dir='ltr'><strong>et</strong></span> <span class='ocrx_word' id='word_1_100' title='bbox 473 1531 506 1593; x_wconf 92' lang='lat' dir='ltr'><strong>in</strong></span> <span class='ocrx_word' id='word_1_101' title='bbox 525 1530 681 1594; x_wconf 90' lang='lat' dir='ltr'><strong>Leidensi</strong></span> <span class='ocrx_word' id='word_1_102' title='bbox 708 1530 835 1611; x_wconf 91' lang='lat' dir='ltr'><strong>codice,</strong></span> <span class='ocrx_word' id='word_1_103' title='bbox 864 1532 1027 1616; x_wconf 87' lang='lat' dir='ltr'><strong>sequitur,</strong></span> <span class='ocrx_word' id='word_1_104' title='bbox 1058 1541 1164 1596; x_wconf 89' lang='lat' dir='ltr'><strong>tamen</strong></span> <span class='ocrx_word' id='word_1_105' title='bbox 1188 1536 1293 1619; x_wconf 85' lang='lat' dir='ltr'><strong>magis</strong></span> <span class='ocrx_word' id='word_1_106' title='bbox 1316 1557 1414 1621; x_wconf 87' lang='lat' dir='ltr'><strong>quam</strong></span> 
     </span>
     <span class='ocr_line' id='line_1_13' title="bbox 117 1630 1413 1720; baseline 0.003 -25"><span class='ocrx_word' id='word_1_107' title='bbox 117 1630 234 1718; x_wconf 87' lang='lat' dir='ltr'><strong>reliqui</strong></span> <span class='ocrx_word' id='word_1_108' title='bbox 264 1631 306 1694; x_wconf 87' lang='lat' dir='ltr'><strong>ab</strong></span> <span class='ocrx_word' id='word_1_109' title='bbox 334 1630 400 1695; x_wconf 91' lang='lat' dir='ltr'><strong>illis</strong></span> <span class='ocrx_word' id='word_1_110' title='bbox 429 1631 554 1696; x_wconf 86' lang='lat' dir='ltr'><strong>recedit</strong></span> <span class='ocrx_word' id='word_1_111' title='bbox 581 1640 613 1694; x_wconf 94' lang='lat' dir='ltr'><strong>et</strong></span> <span class='ocrx_word' id='word_1_112' title='bbox 639 1634 771 1718; x_wconf 86' lang='lat' dir='ltr'><strong>propria</strong></span> <span class='ocrx_word' id='word_1_113' title='bbox 790 1632 952 1718; x_wconf 86' lang='lat' dir='ltr'><strong>quaedam</strong></span> <span class='ocrx_word' id='word_1_114' title='bbox 976 1634 1127 1697; x_wconf 87' lang='lat' dir='ltr'><strong>veritatis</strong></span> <span class='ocrx_word' id='word_1_115' title='bbox 1150 1637 1291 1720; x_wconf 87' lang='lat' dir='ltr'><strong>vestigia</strong></span> <span class='ocrx_word' id='word_1_116' title='bbox 1312 1645 1413 1716; x_wconf 89' lang='lat' dir='ltr'><strong>tenet,</strong></span> 
     </span>
     <span class='ocr_line' id='line_1_14' title="bbox 115 1732 1415 1822; baseline 0.004 -27"><span class='ocrx_word' id='word_1_117' title='bbox 115 1754 310 1819; x_wconf 83' lang='lat' dir='ltr'><strong>quamquam</strong></span> <span class='ocrx_word' id='word_1_118' title='bbox 339 1742 388 1795; x_wconf 88' lang='lat' dir='ltr'><strong>est</strong></span> <span class='ocrx_word' id='word_1_119' title='bbox 418 1734 474 1799; x_wconf 90' lang='lat' dir='ltr'><strong>ubi</strong></span> <span class='ocrx_word' id='word_1_120' title='bbox 503 1732 665 1814; x_wconf 89' lang='lat' dir='ltr'><strong>dubitem,</strong></span> <span class='ocrx_word' id='word_1_121' title='bbox 697 1742 804 1796; x_wconf 88' lang='lat' dir='ltr'><strong>utrum</strong></span> <span class='ocrx_word' id='word_1_122' title='bbox 835 1754 876 1796; x_wconf 89' lang='lat' dir='ltr'><strong>ea</strong></span> <span class='ocrx_word' id='word_1_123' title='bbox 905 1755 925 1796; x_wconf 87' lang='lat' dir='ltr'><strong>a</strong></span> <span class='ocrx_word' id='word_1_124' title='bbox 950 1732 1085 1798; x_wconf 86' lang='lat' dir='ltr'><strong>meliore</strong></span> <span class='ocrx_word' id='word_1_125' title='bbox 1114 1734 1205 1799; x_wconf 89' lang='lat' dir='ltr'><strong>sonte</strong></span> <span class='ocrx_word' id='word_1_126' title='bbox 1225 1747 1415 1822; x_wconf 46' lang='lat' dir='ltr'><strong>,propagata</strong></span> 
     </span>
     <span class='ocr_line' id='line_1_15' title="bbox 115 1832 1413 1922; baseline 0.005 -25"><span class='ocrx_word' id='word_1_127' title='bbox 115 1837 181 1898; x_wconf 91' lang='lat' dir='ltr'><strong>sint</strong></span> <span class='ocrx_word' id='word_1_128' title='bbox 202 1857 244 1897; x_wconf 85' lang='lat' dir='ltr'><strong>an</strong></span> <span class='ocrx_word' id='word_1_129' title='bbox 266 1856 286 1897; x_wconf 90' lang='lat' dir='ltr'><strong>a</strong></span> <span class='ocrx_word' id='word_1_130' title='bbox 308 1834 402 1898; x_wconf 89' lang='lat' dir='ltr'><strong>docto</strong></span> <span class='ocrx_word' id='word_1_131' title='bbox 423 1832 552 1898; x_wconf 87' lang='lat' dir='ltr'><strong>homine</strong></span> <span class='ocrx_word' id='word_1_132' title='bbox 573 1834 716 1899; x_wconf 90' lang='lat' dir='ltr'><strong>inventa.</strong></span> <span class='ocrx_word' id='word_1_133' title='bbox 762 1844 838 1897; x_wconf 90' lang='lat' dir='ltr'><strong>sunt</strong></span> <span class='ocrx_word' id='word_1_134' title='bbox 859 1835 946 1898; x_wconf 91' lang='lat' dir='ltr'><strong>enim</strong></span> <span class='ocrx_word' id='word_1_135' title='bbox 969 1837 1078 1899; x_wconf 91' lang='lat' dir='ltr'><strong>omnia</strong></span> <span class='ocrx_word' id='word_1_136' title='bbox 1099 1837 1145 1899; x_wconf 89' lang='lat' dir='ltr'><strong>ita</strong></span> <span class='ocrx_word' id='word_1_137' title='bbox 1166 1848 1354 1922; x_wconf 85' lang='lat' dir='ltr'><strong>conparata,</strong></span> <span class='ocrx_word' id='word_1_138' title='bbox 1376 1847 1413 1903; x_wconf 89' lang='lat' dir='ltr'><strong>ut</strong></span> 
     </span>
     <span class='ocr_line' id='line_1_16' title="bbox 115 1935 1414 2024; baseline 0.002 -25"><span class='ocrx_word' id='word_1_139' title='bbox 115 1935 303 1999; x_wconf 89' lang='lat' dir='ltr'><strong>coniectura</strong></span> <span class='ocrx_word' id='word_1_140' title='bbox 329 1936 471 1999; x_wconf 86' lang='lat' dir='ltr'><strong>inveniri</strong></span> <span class='ocrx_word' id='word_1_141' title='bbox 498 1936 673 2023; x_wconf 88' lang='lat' dir='ltr'><strong>potuerint.</strong></span> <span class='ocrx_word' id='word_1_142' title='bbox 723 1936 854 1999; x_wconf 91' lang='lat' dir='ltr'><strong>tertium</strong></span> <span class='ocrx_word' id='word_1_143' title='bbox 883 1936 1029 2000; x_wconf 87' lang='lat' dir='ltr'><strong>codicem</strong></span> <span class='ocrx_word' id='word_1_144' title='bbox 1057 1936 1225 2024; x_wconf 85' lang='lat' dir='ltr'><strong>adsumpsi</strong></span> <span class='ocrx_word' id='word_1_145' title='bbox 1256 1937 1414 2003; x_wconf 89' lang='lat' dir='ltr'><strong>Parisi-</strong></span> 
     </span>
     <span class='ocr_line' id='line_1_17' title="bbox 116 2036 1415 2124; baseline 0.002 -24"><span class='ocrx_word' id='word_1_146' title='bbox 116 2059 203 2100; x_wconf 89' lang='lat' dir='ltr'><strong>num</strong></span> <span class='ocrx_word' id='word_1_147' title='bbox 217 2041 314 2102; x_wconf 83' lang='lat'>7501</span> <span class='ocrx_word' id='word_1_148' title='bbox 329 2036 611 2101; x_wconf 82' lang='lat' dir='ltr'><strong>membranaceum</strong></span> <span class='ocrx_word' id='word_1_149' title='bbox 626 2036 730 2100; x_wconf 87' lang='lat' dir='ltr'><strong>forma</strong></span> <span class='ocrx_word' id='word_1_150' title='bbox 743 2038 888 2101; x_wconf 86' lang='lat' dir='ltr'><strong>maxima</strong></span> <span class='ocrx_word' id='word_1_151' title='bbox 900 2037 1166 2103; x_wconf 89' lang='lat' dir='ltr'><strong>saeculodecimo</strong></span> <span class='ocrx_word' id='word_1_152' title='bbox 1178 2041 1333 2124; x_wconf 91' lang='lat' dir='ltr'><strong>scriptum</strong></span> <span class='ocrx_word' id='word_1_153' title='bbox 1343 2041 1415 2122; x_wconf 89' lang='grc' dir='ltr'>(Α).</span> 
     </span>
     <span class='ocr_line' id='line_1_18' title="bbox 114 2126 1499 2225; baseline 0.004 -25"><span class='ocrx_word' id='word_1_154' title='bbox 114 2140 169 2225; x_wconf 88' lang='lat' dir='ltr'><strong>qui</strong></span> <span class='ocrx_word' id='word_1_155' title='bbox 193 2138 299 2202; x_wconf 85' lang='lat' dir='ltr'><strong>codex</strong></span> <span class='ocrx_word' id='word_1_156' title='bbox 320 2149 394 2225; x_wconf 86' lang='lat' dir='ltr'><strong>post</strong></span> <span class='ocrx_word' id='word_1_157' title='bbox 414 2126 635 2201; x_wconf 83' lang='lat' dir='ltr'><strong>institutiones</strong></span> <span class='ocrx_word' id='word_1_158' title='bbox 647 2137 810 2202; x_wconf 88' lang='lat' dir='ltr'><strong>Prisciani</strong></span> <span class='ocrx_word' id='word_1_159' title='bbox 829 2148 863 2202; x_wconf 90' lang='lat' dir='ltr'><strong>et</strong></span> <span class='ocrx_word' id='word_1_160' title='bbox 876 2160 1009 2203; x_wconf 88' lang='lat' dir='ltr'><strong>carmen</strong></span> <span class='ocrx_word' id='word_1_161' title='bbox 1028 2137 1069 2202; x_wconf 92' lang='lat' dir='ltr'><strong>de</strong></span> <span class='ocrx_word' id='word_1_162' title='bbox 1089 2139 1290 2224; x_wconf 89' lang='lat' dir='ltr'><strong>ponderibus</strong></span> <span class='ocrx_word' id='word_1_163' title='bbox 1308 2140 1410 2205; x_wconf 89' lang='lat' dir='ltr'><strong>libros</strong></span> <span class='ocrx_word' id='word_1_164' title='bbox 1495 2154 1499 2161; x_wconf 85' lang='lat'>&#39;</span> 
     </span>
     <span class='ocr_line' id='line_1_19' title="bbox 115 2239 1413 2328; baseline 0.002 -26"><span class='ocrx_word' id='word_1_165' title='bbox 115 2241 158 2304; x_wconf 87' lang='lat' dir='ltr'><strong>ad</strong></span> <span class='ocrx_word' id='word_1_166' title='bbox 181 2239 411 2327; x_wconf 88' lang='lat' dir='ltr'><strong>Symmachum</strong></span> <span class='ocrx_word' id='word_1_167' title='bbox 439 2241 578 2325; x_wconf 87' lang='lat' dir='ltr'><strong>scriptos</strong></span> <span class='ocrx_word' id='word_1_168' title='bbox 606 2241 752 2303; x_wconf 88' lang='lat' dir='ltr'><strong>continet</strong></span> <span class='ocrx_word' id='word_1_169' title='bbox 780 2240 803 2302; x_wconf 83' lang='lat' dir='ltr'><strong>f.</strong></span> <span class='ocrx_word' id='word_1_170' title='bbox 832 2243 943 2303; x_wconf 79' lang='grc'>191-</span> <span class='ocrx_word' id='word_1_171' title='bbox 965 2242 1042 2303; x_wconf 78' lang='lat'><strong>205:</strong></span> <span class='ocrx_word' id='word_1_172' title='bbox 1078 2240 1137 2305; x_wconf 91' lang='lat' dir='ltr'><strong>hos</strong></span> <span class='ocrx_word' id='word_1_173' title='bbox 1159 2242 1282 2328; x_wconf 86' lang='lat' dir='ltr'><strong>excipit</strong></span> <span class='ocrx_word' id='word_1_174' title='bbox 1303 2240 1413 2305; x_wconf 83' lang='lat' dir='ltr'><strong>Rufini</strong></span> 
     </span>
     <span class='ocr_line' id='line_1_20' title="bbox 116 2340 1414 2430; baseline 0 -26"><span class='ocrx_word' id='word_1_175' title='bbox 116 2340 247 2404; x_wconf 90' lang='lat' dir='ltr'><strong>libellus</strong></span> <span class='ocrx_word' id='word_1_176' title='bbox 276 2340 299 2403; x_wconf 95' lang='grc'><strong>1.</strong></span> <span class='ocrx_word' id='word_1_177' title='bbox 321 2342 510 2404; x_wconf 72' lang='lat' dir='ltr'><strong>roo-210</strong></span> <span class='ocrx_word' id='word_1_178' title='bbox 542 2350 575 2404; x_wconf 90' lang='lat' dir='ltr'><strong>et</strong></span> <span class='ocrx_word' id='word_1_179' title='bbox 601 2341 802 2426; x_wconf 89' lang='lat' dir='ltr'><strong>interpositis</strong></span> <span class='ocrx_word' id='word_1_180' title='bbox 829 2343 943 2427; x_wconf 85' lang='lat' dir='ltr'><strong>paucis</strong></span> <span class='ocrx_word' id='word_1_181' title='bbox 969 2340 1202 2406; x_wconf 84' lang='lat' dir='ltr'><strong>vocabulorum</strong></span> <span class='ocrx_word' id='word_1_182' title='bbox 1222 2343 1414 2430; x_wconf 86' lang='lat' dir='ltr'><strong>interpreta-</strong></span> 
     </span>
     <span class='ocr_line' id='line_1_21' title="bbox 113 2441 1413 2507; baseline 0.002 -3"><span class='ocrx_word' id='word_1_183' title='bbox 113 2441 260 2506; x_wconf 89' lang='lat' dir='ltr'><strong>tionibus</strong></span> <span class='ocrx_word' id='word_1_184' title='bbox 289 2442 541 2506; x_wconf 84' lang='lat' dir='ltr'><strong>commentarius</strong></span> <span class='ocrx_word' id='word_1_185' title='bbox 568 2441 602 2504; x_wconf 94' lang='lat' dir='ltr'><strong>in</strong></span> <span class='ocrx_word' id='word_1_186' title='bbox 628 2441 834 2506; x_wconf 89' lang='lat' dir='ltr'><strong>Priscianum</strong></span> <span class='ocrx_word' id='word_1_187' title='bbox 862 2442 885 2505; x_wconf 90' lang='grc'><strong>1.</strong></span> <span class='ocrx_word' id='word_1_188' title='bbox 909 2444 1118 2507; x_wconf 77' lang='lat'><strong>211-220.</strong></span> <span class='ocrx_word' id='word_1_189' title='bbox 1169 2464 1210 2505; x_wconf 86' lang='lat' dir='ltr'><strong>ex</strong></span> <span class='ocrx_word' id='word_1_190' title='bbox 1235 2442 1296 2506; x_wconf 88' lang='lat' dir='ltr'><strong>hoo</strong></span> <span class='ocrx_word' id='word_1_191' title='bbox 1328 2441 1413 2507; x_wconf 88' lang='lat' dir='ltr'><strong>libro</strong></span> 
     </span>
     <span class='ocr_line' id='line_1_22' title="bbox 115 2540 1413 2630; baseline 0.002 -24"><span class='ocrx_word' id='word_1_192' title='bbox 115 2565 211 2630; x_wconf 87' lang='lat' dir='ltr'><strong>quam</strong></span> <span class='ocrx_word' id='word_1_193' title='bbox 239 2542 415 2628; x_wconf 85' lang='lat' dir='ltr'><strong>diligenter</strong></span> <span class='ocrx_word' id='word_1_194' title='bbox 442 2540 518 2606; x_wconf 92' lang='lat' dir='ltr'><strong>olim</strong></span> <span class='ocrx_word' id='word_1_195' title='bbox 546 2543 579 2605; x_wconf 93' lang='lat' dir='ltr'><strong>hi</strong></span> <span class='ocrx_word' id='word_1_196' title='bbox 607 2565 736 2630; x_wconf 91' lang='lat' dir='ltr'><strong>quoque</strong></span> <span class='ocrx_word' id='word_1_197' title='bbox 757 2543 920 2607; x_wconf 88' lang='lat' dir='ltr'><strong>Prisciani</strong></span> <span class='ocrx_word' id='word_1_198' title='bbox 941 2542 1016 2608; x_wconf 86' lang='lat' dir='ltr'><strong>libri</strong></span> <span class='ocrx_word' id='word_1_199' title='bbox 1045 2565 1065 2606; x_wconf 87' lang='lat' dir='ltr'><strong>a</strong></span> <span class='ocrx_word' id='word_1_200' title='bbox 1091 2542 1196 2607; x_wconf 91' lang='lat' dir='ltr'><strong>doctis</strong></span> <span class='ocrx_word' id='word_1_201' title='bbox 1226 2544 1413 2609; x_wconf 91' lang='lat' dir='ltr'><strong>hominibus</strong></span> 
     </span>
     <span class='ocr_line' id='line_1_23' title="bbox 115 2642 1415 2731; baseline 0 -23"><span class='ocrx_word' id='word_1_202' title='bbox 115 2646 245 2708; x_wconf 81' lang='lat' dir='ltr'><strong>tractati</strong></span> <span class='ocrx_word' id='word_1_203' title='bbox 279 2646 345 2708; x_wconf 92' lang='lat' dir='ltr'><strong>sint</strong></span> <span class='ocrx_word' id='word_1_204' title='bbox 372 2642 520 2729; x_wconf 86' lang='lat' dir='ltr'><strong>intellegi</strong></span> <span class='ocrx_word' id='word_1_205' title='bbox 547 2653 664 2729; x_wconf 90' lang='lat' dir='ltr'><strong>potest.</strong></span> <span class='ocrx_word' id='word_1_206' title='bbox 715 2666 790 2708; x_wconf 92' lang='lat' dir='ltr'><strong>nam</strong></span> <span class='ocrx_word' id='word_1_207' title='bbox 823 2645 925 2709; x_wconf 90' lang='lat' dir='ltr'><strong>multa</strong></span> <span class='ocrx_word' id='word_1_208' title='bbox 952 2646 988 2708; x_wconf 94' lang='lat' dir='ltr'><strong>in</strong></span> <span class='ocrx_word' id='word_1_209' title='bbox 1014 2645 1218 2729; x_wconf 85' lang='lat' dir='ltr'><strong>marginibus</strong></span> <span class='ocrx_word' id='word_1_210' title='bbox 1248 2645 1415 2731; x_wconf 87' lang='lat' dir='ltr'><strong>adscripta</strong></span> 
     </span>
     <span class='ocr_line' id='line_1_24' title="bbox 115 2745 1411 2833; baseline -0.002 -23"><span class='ocrx_word' id='word_1_211' title='bbox 115 2758 207 2829; x_wconf 87' lang='lat' dir='ltr'><strong>sunt,</strong></span> <span class='ocrx_word' id='word_1_212' title='bbox 229 2746 347 2833; x_wconf 91' lang='lat' dir='ltr'><strong>quibus</strong></span> <span class='ocrx_word' id='word_1_213' title='bbox 369 2754 544 2833; x_wconf 87' lang='lat' dir='ltr'><strong>praccepta</strong></span> <span class='ocrx_word' id='word_1_214' title='bbox 560 2747 764 2830; x_wconf 84' lang='lat' dir='ltr'><strong>grammatici</strong></span> <span class='ocrx_word' id='word_1_215' title='bbox 787 2745 1038 2833; x_wconf 87' lang='lat' dir='ltr'><strong>explicarentur.</strong></span> <span class='ocrx_word' id='word_1_216' title='bbox 1077 2745 1134 2809; x_wconf 87' lang='lat' dir='ltr'><strong>sed</strong></span> <span class='ocrx_word' id='word_1_217' title='bbox 1157 2768 1196 2809; x_wconf 91' lang='lat' dir='ltr'><strong>ea</strong></span> <span class='ocrx_word' id='word_1_218' title='bbox 1216 2748 1326 2810; x_wconf 86' lang='lat' dir='ltr'><strong>omnia</strong></span> <span class='ocrx_word' id='word_1_219' title='bbox 1347 2756 1411 2810; x_wconf 78' lang='lat' dir='ltr'><strong>tam</strong></span> 
     </span>
     <span class='ocr_line' id='line_1_25' title="bbox 115 2846 1412 2933; baseline -0.002 -19"><span class='ocrx_word' id='word_1_220' title='bbox 115 2850 266 2932; x_wconf 84' lang='lat' dir='ltr'><strong>vulgaria</strong></span> <span class='ocrx_word' id='word_1_221' title='bbox 287 2847 339 2911; x_wconf 88' lang='lat' dir='ltr'><strong>vcl</strong></span> <span class='ocrx_word' id='word_1_222' title='bbox 360 2850 472 2932; x_wconf 83' lang='lat' dir='ltr'><strong>inepta</strong></span> <span class='ocrx_word' id='word_1_223' title='bbox 493 2856 578 2927; x_wconf 91' lang='lat' dir='ltr'><strong>sunt,</strong></span> <span class='ocrx_word' id='word_1_224' title='bbox 602 2858 638 2911; x_wconf 90' lang='lat' dir='ltr'><strong>ut</strong></span> <span class='ocrx_word' id='word_1_225' title='bbox 659 2846 741 2910; x_wconf 91' lang='lat' dir='ltr'><strong>nihil</strong></span> <span class='ocrx_word' id='word_1_226' title='bbox 762 2848 898 2933; x_wconf 88' lang='lat' dir='ltr'><strong>dignum</strong></span> <span class='ocrx_word' id='word_1_227' title='bbox 922 2870 995 2912; x_wconf 91' lang='lat' dir='ltr'><strong>csse</strong></span> <span class='ocrx_word' id='word_1_228' title='bbox 1019 2847 1214 2912; x_wconf 87' lang='lat' dir='ltr'><strong>crediderim</strong></span> <span class='ocrx_word' id='word_1_229' title='bbox 1238 2846 1326 2932; x_wconf 93' lang='lat' dir='ltr'><strong>quod</strong></span> <span class='ocrx_word' id='word_1_230' title='bbox 1347 2870 1412 2912; x_wconf 91' lang='lat' dir='ltr'><strong>me·</strong></span> 
     </span>
     <span class='ocr_line' id='line_1_26' title="bbox 114 2947 1414 3036; baseline -0.002 -22"><span class='ocrx_word' id='word_1_231' title='bbox 114 2953 236 3014; x_wconf 84' lang='lat' dir='ltr'><strong>moriae</strong></span> <span class='ocrx_word' id='word_1_232' title='bbox 259 2948 453 3013; x_wconf 85' lang='lat' dir='ltr'><strong>traderetur.</strong></span> <span class='ocrx_word' id='word_1_233' title='bbox 497 2957 611 3011; x_wconf 89' lang='lat' dir='ltr'><strong>contra</strong></span> <span class='ocrx_word' id='word_1_234' title='bbox 634 2970 779 3034; x_wconf 88' lang='lat' dir='ltr'><strong>eaquae</strong></span> <span class='ocrx_word' id='word_1_235' title='bbox 807 2952 842 3013; x_wconf 95' lang='lat' dir='ltr'><strong>in</strong></span> <span class='ocrx_word' id='word_1_236' title='bbox 865 2951 937 3034; x_wconf 87' lang='lat' dir='ltr'><strong>ipsa</strong></span> <span class='ocrx_word' id='word_1_237' title='bbox 956 2951 1119 3036; x_wconf 90' lang='lat' dir='ltr'><strong>scriptura</strong></span> <span class='ocrx_word' id='word_1_238' title='bbox 1142 2947 1265 3036; x_wconf 85' lang='lat' dir='ltr'><strong>codicis</strong></span> <span class='ocrx_word' id='word_1_239' title='bbox 1287 2958 1414 3013; x_wconf 86' lang='lat' dir='ltr'><strong>mutata</strong></span> 
     </span>
     <span class='ocr_line' id='line_1_27' title="bbox 116 3048 1413 3138; baseline -0.001 -23"><span class='ocrx_word' id='word_1_240' title='bbox 116 3061 209 3115; x_wconf 86' lang='lat' dir='ltr'><strong>erant</strong></span> <span class='ocrx_word' id='word_1_241' title='bbox 231 3073 294 3115; x_wconf 90' lang='lat' dir='ltr'><strong>non</strong></span> <span class='ocrx_word' id='word_1_242' title='bbox 314 3058 464 3136; x_wconf 85' lang='lat' dir='ltr'><strong>poterant</strong></span> <span class='ocrx_word' id='word_1_243' title='bbox 483 3048 623 3134; x_wconf 89' lang='lat' dir='ltr'><strong>neglegi.</strong></span> <span class='ocrx_word' id='word_1_244' title='bbox 669 3048 749 3113; x_wconf 89' lang='lat' dir='ltr'><strong>haee</strong></span> <span class='ocrx_word' id='word_1_245' title='bbox 778 3051 894 3135; x_wconf 88' lang='lat' dir='ltr'><strong>igitur,</strong></span> <span class='ocrx_word' id='word_1_246' title='bbox 923 3053 1074 3138; x_wconf 89' lang='lat' dir='ltr'><strong>quamvis</strong></span> <span class='ocrx_word' id='word_1_247' title='bbox 1102 3072 1167 3114; x_wconf 94' lang='lat' dir='ltr'><strong>non</strong></span> <span class='ocrx_word' id='word_1_248' title='bbox 1195 3050 1238 3113; x_wconf 91' lang='lat' dir='ltr'><strong>ab</strong></span> <span class='ocrx_word' id='word_1_249' title='bbox 1265 3072 1331 3114; x_wconf 91' lang='lat' dir='ltr'><strong>uno</strong></span> <span class='ocrx_word' id='word_1_250' title='bbox 1358 3049 1413 3114; x_wconf 93' lang='lat' dir='ltr'><strong>ho·</strong></span> 
     </span>
     <span class='ocr_line' id='line_1_28' title="bbox 117 3151 1413 3237; baseline -0.001 -21"><span class='ocrx_word' id='word_1_251' title='bbox 117 3155 203 3217; x_wconf 89' lang='lat' dir='ltr'><strong>mine</strong></span> <span class='ocrx_word' id='word_1_252' title='bbox 222 3154 331 3216; x_wconf 93' lang='lat' dir='ltr'><strong>omnia</strong></span> <span class='ocrx_word' id='word_1_253' title='bbox 351 3151 498 3237; x_wconf 89' lang='lat' dir='ltr'><strong>profecta</strong></span> <span class='ocrx_word' id='word_1_254' title='bbox 521 3172 593 3214; x_wconf 88' lang='lat' dir='ltr'><strong>esse</strong></span> <span class='ocrx_word' id='word_1_255' title='bbox 616 3151 763 3233; x_wconf 84' lang='lat' dir='ltr'><strong>credam,</strong></span> <span class='ocrx_word' id='word_1_256' title='bbox 792 3161 828 3214; x_wconf 89' lang='lat' dir='ltr'><strong>ut</strong></span> <span class='ocrx_word' id='word_1_257' title='bbox 856 3151 939 3216; x_wconf 92' lang='lat' dir='ltr'><strong>solet</strong></span> <span class='ocrx_word' id='word_1_258' title='bbox 967 3155 1000 3216; x_wconf 94' lang='lat' dir='ltr'><strong>in</strong></span> <span class='ocrx_word' id='word_1_259' title='bbox 1024 3153 1084 3215; x_wconf 90' lang='lat' dir='ltr'><strong>hoc</strong></span> <span class='ocrx_word' id='word_1_260' title='bbox 1106 3173 1226 3237; x_wconf 89' lang='lat' dir='ltr'><strong>genere</strong></span> <span class='ocrx_word' id='word_1_261' title='bbox 1253 3153 1413 3215; x_wconf 91' lang='lat' dir='ltr'><strong>incertum</strong></span> 
     </span>
     <span class='ocr_line' id='line_1_29' title="bbox 80 3252 1412 3337; baseline -0.003 -18"><span class='ocrx_word' id='word_1_262' title='bbox 80 3323 86 3333; x_wconf 62' lang='grc'><strong>,</strong></span> <span class='ocrx_word' id='word_1_263' title='bbox 116 3277 188 3319; x_wconf 88' lang='lat' dir='ltr'><strong>esso</strong></span> <span class='ocrx_word' id='word_1_264' title='bbox 210 3254 386 3334; x_wconf 91' lang='lat' dir='ltr'><strong>iudicium,</strong></span> <span class='ocrx_word' id='word_1_265' title='bbox 409 3262 535 3333; x_wconf 86' lang='lat' dir='ltr'><strong>tamen,</strong></span> <span class='ocrx_word' id='word_1_266' title='bbox 558 3252 664 3316; x_wconf 89' lang='lat' dir='ltr'><strong>sicubi</strong></span> <span class='ocrx_word' id='word_1_267' title='bbox 685 3252 787 3337; x_wconf 88' lang='lat' dir='ltr'><strong>digna</strong></span> <span class='ocrx_word' id='word_1_268' title='bbox 811 3275 884 3318; x_wconf 89' lang='lat' dir='ltr'><strong>esse</strong></span> <span class='ocrx_word' id='word_1_269' title='bbox 907 3254 1063 3318; x_wconf 88' lang='lat' dir='ltr'><strong>memoria</strong></span> <span class='ocrx_word' id='word_1_270' title='bbox 1085 3252 1298 3334; x_wconf 87' lang='lat' dir='ltr'><strong>videbantur,</strong></span> <span class='ocrx_word' id='word_1_271' title='bbox 1328 3275 1412 3316; x_wconf 89' lang='lat' dir='ltr'><strong>com-</strong></span> 
     </span>
     <span class='ocr_line' id='line_1_30' title="bbox 117 3352 1413 3420; baseline -0.003 0"><span class='ocrx_word' id='word_1_272' title='bbox 117 3357 205 3420; x_wconf 90' lang='lat' dir='ltr'><strong>muni</strong></span> <span class='ocrx_word' id='word_1_273' title='bbox 230 3377 249 3417; x_wconf 82' lang='lat' dir='ltr'><strong>u</strong></span> <span class='ocrx_word' id='word_1_274' title='bbox 276 3353 405 3418; x_wconf 88' lang='lat' dir='ltr'><strong>litterae</strong></span> <span class='ocrx_word' id='word_1_275' title='bbox 432 3362 509 3417; x_wconf 87' lang='lat' dir='ltr'><strong>nota</strong></span> <span class='ocrx_word' id='word_1_276' title='bbox 537 3353 693 3417; x_wconf 88' lang='lat' dir='ltr'><strong>indicavi.</strong></span> <span class='ocrx_word' id='word_1_277' title='bbox 738 3353 796 3418; x_wconf 89' lang='lat' dir='ltr'><strong>scd</strong></span> <span class='ocrx_word' id='word_1_278' title='bbox 822 3354 909 3418; x_wconf 91' lang='lat' dir='ltr'><strong>hunc</strong></span> <span class='ocrx_word' id='word_1_279' title='bbox 936 3353 1080 3419; x_wconf 85' lang='lat' dir='ltr'><strong>codicem</strong></span> <span class='ocrx_word' id='word_1_280' title='bbox 1108 3356 1142 3418; x_wconf 95' lang='lat' dir='ltr'><strong>in</strong></span> <span class='ocrx_word' id='word_1_281' title='bbox 1171 3352 1298 3417; x_wconf 81' lang='lat' dir='ltr'><strong>duobus</strong></span> <span class='ocrx_word' id='word_1_282' title='bbox 1321 3353 1413 3418; x_wconf 93' lang='lat' dir='ltr'><strong>libris</strong></span> 
     </span>
     <span class='ocr_line' id='line_1_31' title="bbox 116 3454 1414 3542; baseline -0.001 -22"><span class='ocrx_word' id='word_1_283' title='bbox 116 3457 157 3520; x_wconf 88' lang='lat' dir='ltr'><strong>de</strong></span> <span class='ocrx_word' id='word_1_284' title='bbox 179 3456 293 3542; x_wconf 85' lang='lat' dir='ltr'><strong>liguris</strong></span> <span class='ocrx_word' id='word_1_285' title='bbox 315 3475 522 3518; x_wconf 90' lang='lat' dir='ltr'><strong>numerorum</strong></span> <span class='ocrx_word' id='word_1_286' title='bbox 545 3454 639 3518; x_wconf 90' lang='lat' dir='ltr'><strong>etde</strong></span> <span class='ocrx_word' id='word_1_287' title='bbox 662 3458 774 3519; x_wconf 91' lang='lat' dir='ltr'><strong>metris</strong></span> <span class='ocrx_word' id='word_1_288' title='bbox 789 3454 936 3520; x_wconf 82' lang='lat' dir='ltr'><strong>Terentii</strong></span> <span class='ocrx_word' id='word_1_289' title='bbox 957 3458 1125 3542; x_wconf 85' lang='lat' dir='ltr'><strong>usurpavi.</strong></span> <span class='ocrx_word' id='word_1_290' title='bbox 1169 3477 1245 3519; x_wconf 86' lang='lat' dir='ltr'><strong>nam</strong></span> <span class='ocrx_word' id='word_1_291' title='bbox 1267 3457 1300 3519; x_wconf 91' lang='lat' dir='ltr'><strong>iu</strong></span> <span class='ocrx_word' id='word_1_292' title='bbox 1321 3478 1414 3542; x_wconf 88' lang='lat' dir='ltr'><strong>prae-</strong></span> 
     </span>
     <span class='ocr_line' id='line_1_32' title="bbox 116 3556 1413 3644; baseline -0.002 -22"><span class='ocrx_word' id='word_1_293' title='bbox 116 3557 405 3622; x_wconf 86' lang='lat' dir='ltr'><strong>exercitaminibus</strong></span> <span class='ocrx_word' id='word_1_294' title='bbox 423 3568 553 3644; x_wconf 88' lang='lat' dir='ltr'><strong>praetcr</strong></span> <span class='ocrx_word' id='word_1_295' title='bbox 574 3557 836 3642; x_wconf 89' lang='lat' dir='ltr'><strong>antiquissimum</strong></span> <span class='ocrx_word' id='word_1_296' title='bbox 861 3558 1045 3621; x_wconf 88' lang='lat' dir='ltr'><strong>Parisinum</strong></span> <span class='ocrx_word' id='word_1_297' title='bbox 1067 3557 1231 3622; x_wconf 91' lang='lat' dir='ltr'><strong>conlatum</strong></span> <span class='ocrx_word' id='word_1_298' title='bbox 1253 3556 1413 3621; x_wconf 87' lang='lat' dir='ltr'><strong>habebam</strong></span> 
     </span>
     <span class='ocr_line' id='line_1_33' title="bbox 116 3658 1415 3746; baseline -0.002 -23"><span class='ocrx_word' id='word_1_299' title='bbox 116 3659 358 3723; x_wconf 89' lang='lat' dir='ltr'><strong>Leidensem</strong></span> <span class='ocrx_word' id='word_1_300' title='bbox 391 3659 553 3738; x_wconf 74' lang='lat' dir='ltr'><strong>codicem,</strong></span> <span class='ocrx_word' id='word_1_301' title='bbox 587 3659 642 3744; x_wconf 93' lang='lat' dir='ltr'><strong>qui</strong></span> <span class='ocrx_word' id='word_1_302' title='bbox 670 3666 721 3721; x_wconf 90' lang='lat' dir='ltr'><strong>est</strong></span> <span class='ocrx_word' id='word_1_303' title='bbox 747 3661 834 3722; x_wconf 90' lang='lat' dir='ltr'><strong>inter</strong></span> <span class='ocrx_word' id='word_1_304' title='bbox 860 3658 1040 3723; x_wconf 88' lang='lat' dir='ltr'><strong>Vossianos</strong></span> <span class='ocrx_word' id='word_1_305' title='bbox 1072 3658 1198 3724; x_wconf 91' lang='lat' dir='ltr'><strong>sormae</strong></span> <span class='ocrx_word' id='word_1_306' title='bbox 1235 3658 1415 3746; x_wconf 89' lang='lat' dir='ltr'><strong>quadratae</strong></span> 
     </span>
     <span class='ocr_line' id='line_1_34' title="bbox 117 3757 1414 3847; baseline 0 -23"><span class='ocrx_word' id='word_1_307' title='bbox 117 3782 251 3824; x_wconf 90' lang='lat' dir='ltr'><strong>numero</strong></span> <span class='ocrx_word' id='word_1_308' title='bbox 272 3760 454 3823; x_wconf 89' lang='lat' dir='ltr'><strong>tricesimus</strong></span> <span class='ocrx_word' id='word_1_309' title='bbox 476 3761 604 3824; x_wconf 90' lang='lat' dir='ltr'><strong>tertius.</strong></span> <span class='ocrx_word' id='word_1_310' title='bbox 650 3757 777 3845; x_wconf 91' lang='lat' dir='ltr'><strong>dequo</strong></span> <span class='ocrx_word' id='word_1_311' title='bbox 801 3760 929 3837; x_wconf 87' lang='lat' dir='ltr'><strong>codice,</strong></span> <span class='ocrx_word' id='word_1_312' title='bbox 961 3783 1025 3847; x_wconf 95' lang='lat' dir='ltr'><strong>quo</strong></span> <span class='ocrx_word' id='word_1_313' title='bbox 1051 3770 1083 3825; x_wconf 90' lang='lat' dir='ltr'><strong>et</strong></span> <span class='ocrx_word' id='word_1_314' title='bbox 1109 3760 1186 3826; x_wconf 92' lang='lat' dir='ltr'><strong>olim</strong></span> <span class='ocrx_word' id='word_1_315' title='bbox 1207 3763 1241 3825; x_wconf 90' lang='lat' dir='ltr'><strong>in</strong></span> <span class='ocrx_word' id='word_1_316' title='bbox 1264 3759 1414 3824; x_wconf 79' lang='lat' dir='ltr'><strong>Charisio</strong></span> 
     </span>
     <span class='ocr_line' id='line_1_35' title="bbox 73 3852 1413 3948; baseline -0.001 -22"><span class='ocrx_word' id='word_1_317' title='bbox 73 3852 75 3856; x_wconf 46' lang='grc'>’</span> <span class='ocrx_word' id='word_1_318' title='bbox 118 3874 150 3926; x_wconf 88' lang='grc'><strong>01</strong></span> <span class='ocrx_word' id='word_1_319' title='bbox 172 3883 259 3924; x_wconf 85' lang='grc'>1111110</span> <span class='ocrx_word' id='word_1_320' title='bbox 282 3863 314 3923; x_wconf 87' lang='grc'><strong>111</strong></span> <span class='ocrx_word' id='word_1_321' title='bbox 338 3859 464 3924; x_wconf 90' lang='lat' dir='ltr'><strong>duobus</strong></span> <span class='ocrx_word' id='word_1_322' title='bbox 480 3860 642 3924; x_wconf 89' lang='lat' dir='ltr'><strong>Prisciani</strong></span> <span class='ocrx_word' id='word_1_323' title='bbox 664 3860 758 3925; x_wconf 89' lang='lat' dir='ltr'><strong>libris</strong></span> <span class='ocrx_word' id='word_1_324' title='bbox 783 3883 861 3925; x_wconf 89' lang='lat' dir='ltr'><strong>usus</strong></span> <span class='ocrx_word' id='word_1_325' title='bbox 890 3882 962 3924; x_wconf 90' lang='lat' dir='ltr'><strong>sum</strong></span> <span class='ocrx_word' id='word_1_326' title='bbox 990 3871 1022 3926; x_wconf 90' lang='lat' dir='ltr'><strong>et</strong></span> <span class='ocrx_word' id='word_1_327' title='bbox 1043 3872 1156 3947; x_wconf 89' lang='lat' dir='ltr'><strong>postea</strong></span> <span class='ocrx_word' id='word_1_328' title='bbox 1179 3870 1252 3925; x_wconf 89' lang='lat' dir='ltr'><strong>utar</strong></span> <span class='ocrx_word' id='word_1_329' title='bbox 1272 3862 1413 3948; x_wconf 86' lang='lat' dir='ltr'><strong>saepius,</strong></span> 
     </span>
     <span class='ocr_line' id='line_1_36' title="bbox 117 3960 1413 4050; baseline -0.002 -22"><span class='ocrx_word' id='word_1_330' title='bbox 117 3965 269 4050; x_wconf 87' lang='lat' dir='ltr'><strong>quoniam</strong></span> <span class='ocrx_word' id='word_1_331' title='bbox 304 3964 411 4025; x_wconf 92' lang='lat' dir='ltr'><strong>minus</strong></span> <span class='ocrx_word' id='word_1_332' title='bbox 444 3960 635 4046; x_wconf 88' lang='lat' dir='ltr'><strong>diligentem</strong></span> <span class='ocrx_word' id='word_1_333' title='bbox 663 3963 696 4026; x_wconf 92' lang='lat' dir='ltr'><strong>in</strong></span> <span class='ocrx_word' id='word_1_334' title='bbox 724 3984 761 4026; x_wconf 89' lang='lat' dir='ltr'><strong>eo</strong></span> <span class='ocrx_word' id='word_1_335' title='bbox 792 3961 1009 4027; x_wconf 87' lang='lat' dir='ltr'><strong>describendo</strong></span> <span class='ocrx_word' id='word_1_336' title='bbox 1036 3963 1139 4027; x_wconf 84' lang='lat' dir='ltr'><strong>fuisse</strong></span> <span class='ocrx_word' id='word_1_337' title='bbox 1167 3962 1265 4026; x_wconf 87' lang='lat' dir='ltr'><strong>video</strong></span> <span class='ocrx_word' id='word_1_338' title='bbox 1292 3962 1413 4026; x_wconf 89' lang='lat' dir='ltr'><strong>Linde-</strong></span> 
     </span>
     <span class='ocr_line' id='line_1_37' title="bbox 116 4062 1414 4150; baseline -0.003 -21"><span class='ocrx_word' id='word_1_339' title='bbox 116 4086 270 4129; x_wconf 90' lang='lat' dir='ltr'><strong>mannum</strong></span> <span class='ocrx_word' id='word_1_340' title='bbox 293 4063 396 4150; x_wconf 87' lang='lat' dir='ltr'><strong>praef.</strong></span> <span class='ocrx_word' id='word_1_341' title='bbox 420 4065 452 4127; x_wconf 91' lang='lat' dir='ltr'><strong>in</strong></span> <span class='ocrx_word' id='word_1_342' title='bbox 473 4063 576 4127; x_wconf 88' lang='lat' dir='ltr'><strong>Prisc.</strong></span> <span class='ocrx_word' id='word_1_343' title='bbox 600 4085 651 4148; x_wconf 94' lang='lat' dir='ltr'><strong>op.</strong></span> <span class='ocrx_word' id='word_1_344' title='bbox 674 4064 752 4126; x_wconf 88' lang='lat' dir='ltr'><strong>min.</strong></span> <span class='ocrx_word' id='word_1_345' title='bbox 775 4086 807 4148; x_wconf 93' lang='lat' dir='ltr'><strong>p.</strong></span> <span class='ocrx_word' id='word_1_346' title='bbox 827 4063 892 4127; x_wconf 89' lang='lat' dir='ltr'><strong>XV</strong></span> <span class='ocrx_word' id='word_1_347' title='bbox 907 4085 990 4149; x_wconf 82' lang='lat' dir='ltr'><strong>sqq,</strong></span> <span class='ocrx_word' id='word_1_348' title='bbox 1013 4062 1120 4128; x_wconf 90' lang='lat' dir='ltr'><strong>dicam</strong></span> <span class='ocrx_word' id='word_1_349' title='bbox 1138 4064 1334 4127; x_wconf 87' lang='lat' dir='ltr'><strong>accuratius.</strong></span> <span class='ocrx_word' id='word_1_350' title='bbox 1371 4084 1414 4126; x_wconf 83' lang='lat' dir='ltr'><strong>ex</strong></span> 
     </span>
     <span class='ocr_line' id='line_1_38' title="bbox 117 4163 1412 4251; baseline -0.002 -21"><span class='ocrx_word' id='word_1_351' title='bbox 117 4167 257 4230; x_wconf 88' lang='lat' dir='ltr'><strong>diversis</strong></span> <span class='ocrx_word' id='word_1_352' title='bbox 291 4166 392 4248; x_wconf 86' lang='lat' dir='ltr'><strong>igitur</strong></span> <span class='ocrx_word' id='word_1_353' title='bbox 425 4164 687 4228; x_wconf 84' lang='lat' dir='ltr'><strong>membranarum</strong></span> <span class='ocrx_word' id='word_1_354' title='bbox 719 4163 885 4229; x_wconf 86' lang='lat' dir='ltr'><strong>fasciculis</strong></span> <span class='ocrx_word' id='word_1_355' title='bbox 914 4166 1102 4251; x_wconf 89' lang='lat' dir='ltr'><strong>conpositus</strong></span> <span class='ocrx_word' id='word_1_356' title='bbox 1134 4174 1193 4229; x_wconf 88' lang='lat' dir='ltr'><strong>est.</strong></span> <span class='ocrx_word' id='word_1_357' title='bbox 1245 4186 1263 4227; x_wconf 93' lang='lat' dir='ltr'><strong>e</strong></span> <span class='ocrx_word' id='word_1_358' title='bbox 1293 4163 1412 4249; x_wconf 90' lang='lat' dir='ltr'><strong>quibus</strong></span> 
     </span>
     <span class='ocr_line' id='line_1_39' title="bbox 116 4264 1412 4352; baseline -0.003 -20"><span class='ocrx_word' id='word_1_359' title='bbox 116 4266 281 4332; x_wconf 88' lang='lat' dir='ltr'><strong>fasciculis</strong></span> <span class='ocrx_word' id='word_1_360' title='bbox 302 4267 442 4352; x_wconf 92' lang='lat' dir='ltr'><strong>primus,</strong></span> <span class='ocrx_word' id='word_1_361' title='bbox 461 4265 485 4328; x_wconf 90' lang='grc'><strong>1.</strong></span> <span class='ocrx_word' id='word_1_362' title='bbox 511 4269 640 4346; x_wconf 80' lang='grc'>1-56,</span> <span class='ocrx_word' id='word_1_363' title='bbox 665 4266 719 4352; x_wconf 93' lang='lat' dir='ltr'><strong>qui</strong></span> <span class='ocrx_word' id='word_1_364' title='bbox 744 4265 806 4329; x_wconf 90' lang='lat' dir='ltr'><strong>fuit</strong></span> <span class='ocrx_word' id='word_1_365' title='bbox 825 4264 902 4329; x_wconf 91' lang='lat' dir='ltr'><strong>olim</strong></span> <span class='ocrx_word' id='word_1_366' title='bbox 922 4265 1164 4330; x_wconf 88' lang='lat' dir='ltr'><strong>Bartholomaei</strong></span> <span class='ocrx_word' id='word_1_367' title='bbox 1186 4264 1412 4348; x_wconf 88' lang='lat' dir='ltr'><strong>Schobingeri,</strong></span> 
     </span>
     <span class='ocr_line' id='line_1_40' title="bbox 117 4365 1413 4455; baseline -0.002 -23"><span class='ocrx_word' id='word_1_368' title='bbox 117 4368 285 4432; x_wconf 84' lang='lat' dir='ltr'><strong>Ciceronis</strong></span> <span class='ocrx_word' id='word_1_369' title='bbox 313 4366 354 4430; x_wconf 92' lang='lat' dir='ltr'><strong>de</strong></span> <span class='ocrx_word' id='word_1_370' title='bbox 383 4368 572 4432; x_wconf 85' lang='lat' dir='ltr'><strong>inventione</strong></span> <span class='ocrx_word' id='word_1_371' title='bbox 601 4365 702 4430; x_wconf 91' lang='lat' dir='ltr'><strong>libros</strong></span> <span class='ocrx_word' id='word_1_372' title='bbox 729 4365 860 4431; x_wconf 93' lang='lat' dir='ltr'><strong>saeculo</strong></span> <span class='ocrx_word' id='word_1_373' title='bbox 889 4366 1061 4431; x_wconf 91' lang='lat' dir='ltr'><strong>undecimo</strong></span> <span class='ocrx_word' id='word_1_374' title='bbox 1089 4367 1227 4455; x_wconf 90' lang='lat' dir='ltr'><strong>scriptos</strong></span> <span class='ocrx_word' id='word_1_375' title='bbox 1253 4367 1413 4430; x_wconf 87' lang='lat' dir='ltr'><strong>continet:</strong></span> 
     </span>
     <span class='ocr_line' id='line_1_41' title="bbox 116 4467 1415 4556; baseline -0.002 -23"><span class='ocrx_word' id='word_1_376' title='bbox 116 4471 149 4533; x_wconf 92' lang='lat' dir='ltr'><strong>in</strong></span> <span class='ocrx_word' id='word_1_377' title='bbox 170 4467 287 4532; x_wconf 83' lang='lat' dir='ltr'><strong>ultime</strong></span> <span class='ocrx_word' id='word_1_378' title='bbox 306 4469 376 4532; x_wconf 90' lang='lat' dir='ltr'><strong>eius</strong></span> <span class='ocrx_word' id='word_1_379' title='bbox 398 4470 520 4554; x_wconf 84' lang='lat' dir='ltr'><strong>pagina</strong></span> <span class='ocrx_word' id='word_1_380' title='bbox 542 4469 654 4556; x_wconf 87' lang='lat' dir='ltr'><strong>scripti</strong></span> <span class='ocrx_word' id='word_1_381' title='bbox 677 4476 753 4531; x_wconf 90' lang='lat' dir='ltr'><strong>sunt</strong></span> <span class='ocrx_word' id='word_1_382' title='bbox 781 4489 895 4532; x_wconf 91' lang='lat' dir='ltr'><strong>versus</strong></span> <span class='ocrx_word' id='word_1_383' title='bbox 924 4467 1143 4554; x_wconf 86' lang='lat' dir='ltr'><strong>quadraginta</strong></span> <span class='ocrx_word' id='word_1_384' title='bbox 1169 4467 1250 4548; x_wconf 93' lang='lat' dir='ltr'><strong>duo,</strong></span> <span class='ocrx_word' id='word_1_385' title='bbox 1279 4471 1415 4531; x_wconf 78' lang='lat' dir='ltr'><strong>Ititlrmus</strong></span> 
     </span>
     <span class='ocr_line' id='line_1_42' title="bbox 116 4560 1413 4648; baseline -0.002 -14"><span class='ocrx_word' id='word_1_386' title='bbox 116 4576 155 4635; x_wconf 86' lang='grc'><strong>(10</strong></span> <span class='ocrx_word' id='word_1_387' title='bbox 180 4576 382 4635; x_wconf 82' lang='lat' dir='ltr'><strong>commmu‘oue</strong></span> <span class='ocrx_word' id='word_1_388' title='bbox 409 4584 438 4634; x_wconf 83' lang='grc'><strong>01</strong></span> <span class='ocrx_word' id='word_1_389' title='bbox 464 4573 636 4648; x_wconf 71' lang='lat' dir='ltr'><strong>differenda</strong></span> <span class='ocrx_word' id='word_1_390' title='bbox 658 4574 805 4634; x_wconf 76' lang='lat' dir='ltr'><strong>rethorice</strong></span> <span class='ocrx_word' id='word_1_391' title='bbox 827 4591 866 4634; x_wconf 84' lang='lat' dir='ltr'><strong>uc</strong></span> <span class='ocrx_word' id='word_1_392' title='bbox 892 4560 1064 4642; x_wconf 79' lang='grc'>(1101001100,</span> <span class='ocrx_word' id='word_1_393' title='bbox 1091 4574 1183 4633; x_wconf 61' lang='lat' dir='ltr'><strong>ruam</strong></span> <span class='ocrx_word' id='word_1_394' title='bbox 1207 4573 1340 4632; x_wconf 80' lang='lat' dir='ltr'><strong>rhetores</strong></span> <span class='ocrx_word' id='word_1_395' title='bbox 1363 4588 1413 4632; x_wconf 83' lang='lat' dir='ltr'><strong>uo·</strong></span> 
     </span>
     <span class='ocr_line' id='line_1_43' title="bbox 114 4669 1413 4755; baseline -0.002 -19"><span class='ocrx_word' id='word_1_396' title='bbox 114 4677 684 4752; x_wconf 68' lang='grc'>0011110-0110011101101100110010.</span> <span class='ocrx_word' id='word_1_397' title='bbox 729 4670 893 4736; x_wconf 88' lang='lat' dir='ltr'><strong>secundus</strong></span> <span class='ocrx_word' id='word_1_398' title='bbox 921 4669 1115 4752; x_wconf 85' lang='lat' dir='ltr'><strong>fasciculus,</strong></span> <span class='ocrx_word' id='word_1_399' title='bbox 1152 4670 1208 4755; x_wconf 92' lang='lat' dir='ltr'><strong>qui</strong></span> <span class='ocrx_word' id='word_1_400' title='bbox 1241 4669 1304 4734; x_wconf 87' lang='lat' dir='ltr'><strong>suit</strong></span> <span class='ocrx_word' id='word_1_401' title='bbox 1335 4671 1413 4733; x_wconf 90' lang='lat' dir='ltr'><strong>item</strong></span> 
     </span>
     <span class='ocr_line' id='line_1_44' title="bbox 115 4769 1413 4860; baseline -0.002 -22"><span class='ocrx_word' id='word_1_402' title='bbox 115 4774 345 4860; x_wconf 85' lang='lat' dir='ltr'><strong>Scbobingeri,</strong></span> <span class='ocrx_word' id='word_1_403' title='bbox 367 4774 391 4836; x_wconf 89' lang='lat' dir='ltr'><strong>f.</strong></span> <span class='ocrx_word' id='word_1_404' title='bbox 416 4776 553 4838; x_wconf 81' lang='grc'>51-60</span> <span class='ocrx_word' id='word_1_405' title='bbox 559 4821 570 4856; x_wconf 94' lang='lat'><strong>,</strong></span> <span class='ocrx_word' id='word_1_406' title='bbox 594 4781 660 4838; x_wconf 89' lang='lat' dir='ltr'><strong>tres</strong></span> <span class='ocrx_word' id='word_1_407' title='bbox 683 4771 822 4839; x_wconf 85' lang='lat' dir='ltr'><strong>schedas</strong></span> <span class='ocrx_word' id='word_1_408' title='bbox 843 4771 943 4837; x_wconf 86' lang='lat' dir='ltr'><strong>babet</strong></span> <span class='ocrx_word' id='word_1_409' title='bbox 962 4792 1013 4837; x_wconf 76' lang='lat' dir='ltr'><strong>ex</strong></span> <span class='ocrx_word' id='word_1_410' title='bbox 1027 4771 1141 4836; x_wconf 87' lang='lat' dir='ltr'><strong>codice</strong></span> <span class='ocrx_word' id='word_1_411' title='bbox 1164 4771 1270 4835; x_wconf 89' lang='lat' dir='ltr'><strong>Persii</strong></span> <span class='ocrx_word' id='word_1_412' title='bbox 1292 4769 1413 4836; x_wconf 88' lang='lat' dir='ltr'><strong>duode-</strong></span> 
     </span>
    </p>
   </div>
   <div class='ocr_carea' id='block_1_3' title="bbox 0 0 1680 5490">
    <p class='ocr_par' dir='ltr' id='par_1_3' title="bbox 0 0 1680 5490">
     <span class='ocr_line' id='line_1_45' title="bbox 0 0 1680 5490; baseline 0 0"><span class='ocrx_word' id='word_1_413' title='bbox 0 0 1680 5490; x_wconf 95' lang='lat' dir='ltr'><strong> </strong></span> 
     </span>
    </p>
   </div>
  </div>
 </body>
</html>
