3352 5490
399 353 647 414 ranrtrloa'as
669 353 719 414 Xll
743 353 847 414 VERS.
870 353 953 413 AEN.
976 355 1005 413 V.
1029 364 1140 419 92-99
1361 352 1421 415 481

183 478 204 517 p.
221 465 278 506 1233.
294 467 317 505 dl
333 467 354 506 P.
1210 480 1231 520 p.
1245 467 1334 508 317-13
1349 469 1375 509 Κ.

131 537 200 596 dum
217 537 392 598 Donatum
411 558 478 618 pars
497 540 636 600 orationis
659 558 725 599 curn
748 559 817 599 casu
839 558 946 619 corpus
966 548 1014 600 aut
1037 559 1098 599 rem
1120 541 1238 618 proprie
1264 541 1428 600 communi·

130 645 209 697 terve
233 638 418 715 significans,
441 641 602 700 secundum
625 631 862 719 ,lpolloaidm
885 659 954 719 pars
974 640 1115 700 orationis
1141 659 1215 718 quae
1245 642 1425 719 singularum

131 740 326 818 corporalium
349 759 445 802 rerum
469 742 512 801 vel
535 742 761 821 incorporalium
789 743 843 802 sibi
866 722 1063 803 subiectarum
1087 742 1254 819 qualitatem
1275 744 1424 822 propriam

130 840 173 899 rel
198 859 384 901 communem
407 843 582 903 manifestat.
630 846 706 913 erot
732 843 868 903 accidunt
890 842 1023 903 nomini?
1058 844 1130 916 Sex,
1160 845 1285 921 qualitas
1308 845 1423 924 species

107 959 223 1019 egenus
247 962 387 1003 numerus
411 946 501 1021 ligura
531 963 627 1005 casus.
674 964 739 1004 nam
764 945 944 1024 comparatio
967 944 1104 1022 generale
1125 946 1262 1006 accidens
1285 966 1344 1006 non
1368 954 1422 1007 est.

130 1042 222 1112 Quale
247 1052 292 1104 est
320 1044 376 1103 boc
403 1043 532 1105 nomen?
566 1045 786 1125 appellativum.
832 1047 924 1107 Cuius
946 1054 990 1106 est
1012 1044 1143 1126 speciei?
1175 1047 1355 1122 Adiectiva'e3
1380 1056 1425 1108 est
1475 1041 1496 1065 '

130 1150 226 1204 tamen
250 1146 333 1205 etad
357 1146 464 1223 aliquid
486 1155 515 1206 et
536 1145 652 1206 mobile.
698 1156 726 1207 et
751 1147 864 1207 ridetur
885 1148 972 1207 etiam
995 1148 1183 1208 derivativum
1206 1167 1272 1210 esse
1295 1149 1423 1222 amodo,

129 1244 185 1304 boc
208 1254 252 1305 est
272 1265 287 1305 a
312 1265 465 1320 mensura,
489 1247 567 1307 unde
590 1256 635 1308 est
658 1257 685 1307 et
708 1248 839 1323 modius,
863 1258 893 1308 et
915 1248 1096 1309 differentiae
1116 1268 1203 1309 causa
1224 1251 1337 1311 medius
1360 1270 1424 1311 nru-

130 1346 199 1405 tavit
227 1347 296 1406 oin
323 1367 354 1407 e:
384 1349 427 1407 vel
451 1368 467 1408 a
491 1349 601 1410 Graeco
632 1349 741 1409 dictum
771 1358 831 1423 est,
858 1349 944 1428 μέσος
968 1350 1090 1412 medius.
1136 1351 1288 1412 sciendum
1313 1361 1420 1426 tamen,
1439 1369 1473 1421 aa

96 1448 207 1524 roqund
230 1450 326 1508 omnia
354 1449 493 1510 adiectiva
516 1451 546 1510 in
571 1469 605 1510 us
627 1451 790 1511 desinentia
820 1451 937 1512 mobilia
958 1459 1028 1512 snut
1059 1461 1181 1533 excepto
1204 1462 1286 1513 retus
1309 1454 1423 1526 veteris,

129 1550 206 1625 quod
230 1550 423 1628 antiquissimi
445 1559 526 1612 reter
545 1553 548 1628 l
568 1552 714 1612 (licebant.
750 1554 839 1614 Cuius
859 1563 905 1614 est
922 1551 1060 1632 generis?
1082 1553 1192 1614 Neutri.
1232 1554 1284 1614 llic
1308 1573 1425 1615 mascu-

128 1649 230 1710 linum.
275 1651 403 1726 bledius,
432 1671 466 1712 ex
495 1670 553 1729 quo
582 1653 613 1711 ld
635 1653 729 1714 media
751 1655 888 1714 medinm.
933 1654 1030 1713 omnia
1051 1655 1127 1725 enim
1151 1663 1209 1714 tam
1234 1656 1262 1714 in
1283 1673 1424 1733 usquam

129 1751 158 1811 iu
179 1770 211 1811 er
232 1752 393 1813 desinentia
414 1753 570 1826 adiectiva,
593 1751 617 1813 si
637 1752 697 1813 siut
716 1754 863 1815 secundae
881 1755 1100 1828 declinationis,
1120 1775 1185 1815 cum
1202 1757 1278 1836 apud
1296 1757 1424 1818 Graecos

129 1853 174 1913 vel
195 1856 362 1916 communia
391 1856 576 1916 inveniantur
600 1855 643 1914 vel
671 1855 805 1929 mobilia,
828 1856 906 1936 apud
928 1876 984 1916 nos
1003 1856 1067 1916 sinc
1085 1857 1174 1917 dubio
1203 1856 1320 1918 mobilia
1344 1866 1424 1931 suut,

44 1982 51 2005 ⁸
95 1963 162 2019 aaut
184 1942 199 2013 ὁ
223 1948 349 2032 εὐτυχής
378 1954 426 2014 καὶ
456 1947 475 2032 ἡ
505 1947 631 2034 εὐτυχὴς
654 1954 705 2015 καὶ
728 1947 761 2015 τὸ
783 1946 898 2034 εὐτυχές
921 1959 969 2018 hic
994 1959 1160 2019 fortunatus
1183 1959 1256 2019 haec
1277 1961 1424 2021 fortunata

128 2057 184 2117 hoc
212 2059 406 2131 fortunatum,
434 2053 450 2117 ὁ
479 2047 595 2137 ἀγαθὸς
621 2045 640 2133 ἡ
669 2046 771 2136 ἀγαθὴ
799 2048 832 2117 τὸ
859 2051 978 2137 ἀγαθόν
998 2057 1012 2141 [Ι
1036 2059 1132 2120 bouus
1160 2060 1235 2121 bona
1258 2046 1385 2134 bonaur,
1403 2047 1425 2119 ri

128 2146 296 2237 ὁπλοφόρος
313 2149 332 2233 ἡ
351 2149 516 2238 ὁπλοφόρος
533 2150 566 2218 τὸ
589 2146 760 2234 ὁπλοφόρον
779 2160 906 2236 armiger
927 2161 1069 2239 armigera
1093 2160 1283 2238 armigerum,
1306 2147 1323 2218 ὃ
1344 2151 1424 2239 ἱερὸς

126 2252 145 2336 ἡ
167 2251 232 2337 ἱεροὶ
247 2250 279 2318 τὸ
303 2254 383 2336 ἱερόν
399 2279 483 2321 sacer
505 2280 586 2321 sacra
610 2279 735 2321 sarram.
783 2262 872 2321 Cuius
895 2271 941 2321 est
961 2258 1099 2322 numeri?
1118 2260 1290 2339 Singularis,
1311 2263 1420 2339 llgurae
1438 2279 1473 2333 aa

127 2362 285 2440 simplicis,
315 2381 402 2422 casus
427 2362 475 2422 hic
500 2363 668 2423 accusativi.
715 2362 831 2421 tenebat
859 2364 935 2424 euim
956 2362 1076 2422 verbnm
1100 2362 1299 2422 accusativum
1323 2363 1419 2440 exigit.

92 2472 175 2527 aest
203 2472 299 2523 tamen
329 2463 358 2523 iu
388 2463 525 2524 omnihus
555 2464 666 2524 neutris
693 2463 769 2522 idem
797 2483 884 2524 casus
912 2464 1107 2525 nominativus
1132 2471 1162 2523 et
1187 2464 1372 2525 accusativus
1393 2474 1422 2525 et

126 2565 284 2625 vocativus.
331 2564 421 2625 Cuius
444 2574 489 2625 est
509 2564 733 2624 declinationis?
755 2565 925 2626 Secundae:
949 2566 1045 2625 omnia
1070 2564 1261 2625 eniminum
1284 2565 1421 2627 desinea-

127 2666 164 2726 tia
193 2666 256 2727 sine
279 2666 367 2726 dubio
394 2667 540 2727 secundae
567 2677 634 2727 sunt
658 2667 870 2727 declinationis.
915 2668 974 2728 Fac
996 2666 1032 2726 ab
1055 2687 1090 2727 en
1114 2666 1312 2727 derivativum.
1357 2667 1417 2727 ble-
1435 2682 1471 2734 aa

126 2767 219 2827 dietas
247 2767 403 2828 mediocris
432 2767 634 2828 meditullium.
679 2768 870 2828 mediastinus
898 2786 1014 2846 quoque
1045 2768 1112 2829 inde
1135 2768 1249 2828 videtur
1271 2769 1418 2847 componi,

125 2868 192 2947 quia
220 2868 332 2929 medias
362 2877 459 2948 partes
489 2869 583 2929 balnei
611 2877 704 2954 tenet,
734 2870 790 2929 hac
821 2879 867 2930 est
892 2870 922 2930 in
949 2869 1046 2930 medio
1067 2869 1224 2930 lavantium
1255 2878 1321 2930 stat
1367 2870 1420 2930 [lic

89 2970 203 3032 araliud
226 2971 430 3049 compositum.
475 2970 705 3032 Mediterraneus
726 2980 754 3030 et
777 2971 920 3032 mediana.
965 2969 1133 3032 adverbium
1154 2970 1258 3032 medie.
1299 2971 1418 3032 verbum

125 3071 162 3131 ab
185 3092 220 3131 eo
242 3072 437 3161 compositum
459 3071 579 3133 dimidio
599 3073 733 3133 dimidias
751 3073 902 3147 dimidiat,
927 3073 1004 3135 unde
1023 3079 1053 3131 et
1075 3071 1254 3132 dimidiatus.

210 3177 353 3232 deneas
376 3191 451 3250 quae
472 3191 542 3252 pars
565 3174 705 3234 orationis
726 3172 791 3234 est?
824 3175 946 3234 Nomen.
986 3171 1099 3243 Ouale‘l
1122 3173 1284 3252 Proprium.
1327 3174 1470 3242 Cuiusan

126 3283 171 3335 est
193 3272 324 3354 speciei?
352 3275 532 3348 Primitivae,
556 3275 672 3353 generis
694 3274 863 3348 masculini,
885 3276 998 3335 numeri
1021 3274 1195 3352 singularis,
1218 3275 1328 3351 figurae
1349 3274 1420 3335 sim·

125 3376 225 3456 plicis,
251 3394 339 3436 casus
360 3376 538 3436 nominativi.
565 3373 570 3457 Ι
597 3376 710 3446 Quotae
734 3384 779 3436 est
803 3375 1028 3438 declinationis?
1065 3376 1186 3435 Primae.
1225 3374 1306 3436 Cur?
1342 3375 1417 3446 Quia

89 3478 222 3542 aoomnia
247 3478 355 3537 Graeca
385 3478 414 3538 in
442 3498 474 3538 as
497 3478 684 3551 desinentia,
707 3478 731 3538 si
756 3477 832 3557 apud
851 3476 917 3537 illos
938 3496 992 3557 per
1012 3498 1047 3536 ov
1068 3477 1270 3556 diphthongon
1293 3477 1420 3538 oderunt

124 3580 304 3656 genetivum,
327 3579 404 3658 apud
425 3599 479 3639 nos
496 3578 559 3639 sine
578 3579 666 3639 dubio
690 3580 801 3659 primae
823 3587 892 3639 suut
909 3577 1129 3652 declinationis,
1151 3577 1271 3650 Αἰνείας
1294 3577 1418 3638 Αἰνείου

123 3683 236 3740 Aeneas
254 3683 376 3741 Aeneae.
422 3681 532 3757 antiqui
556 3689 652 3741 tamea
675 3680 877 3741 huiuscemodi
893 3680 1011 3741 nomina
1031 3679 1144 3757 absque
1161 3699 1175 3739 s
1195 3680 1330 3741 solebant
1349 3700 1419 3760 pro·
1490 3734 1497 3753 ,

124 3782 216 3854 serre,
240 3782 318 3859 quod
342 3782 544 3842 Terentius
567 3782 675 3860 ubique
700 3782 786 3855 lacit,
811 3781 894 3841 Sosia
922 3781 1022 3860 Byrria
1046 3781 1174 3842 Chaerea
1199 3783 1269 3842 Geta
1292 3800 1416 3861 ponens,

124 3891 156 3942 ut
177 3883 206 3943 ia
227 3885 364 3944 Andria

89 4010 116 4050 ³5
817 3992 878 4043 aut
895 3993 930 4043 tu
951 3991 1012 4044 aut
1034 3985 1094 4044 hic
1116 3983 1264 4063 Byrria3

124 4078 153 4129 et
176 4068 385 4143 lurenaliS,

884 4171 951 4214 ceu
968 4152 1108 4230 Marsya
1128 4152 1263 4213 victus.

195 4342 205 4390 l
227 4341 365 4392 secundum
382 4338 517 4404 [lunatum]
535 4353 562 4400 p.
581 4337 645 4387 ¹743
698 4339 872 4388 'Isocrmdum
885 4334 1060 4403 Apollonium]
1075 4339 1109 4400 cs.
1128 4337 1255 4387 Priscian.
1272 4353 1299 4400 p.
1311 4337 1361 4386 577

123 4412 289 4476 singularium
310 4412 331 4460 C
399 4410 414 4460 3
433 4410 480 4458 sibi
499 4409 669 4458 subiectarum
690 4408 711 4457 G
730 4407 778 4456 sibi
798 4408 969 4457 subiectorum
989 4406 1232 4456 CanbiectorumS
1302 4407 1414 4456 ‘imani-

123 4480 199 4530 seatat
218 4483 261 4531 OG
280 4481 407 4545 siguificat
423 4476 444 4527 S
517 4479 547 4529 10
567 4478 691 4526 adiectiua
710 4478 922 4542 appellatiuorum
941 4478 966 4525 io
987 4490 1018 4527 na
1036 4476 1079 4527 OG
1149 4485 1173 4524 et
1191 4476 1293 4526 mobilia
1309 4477 1351 4526 CG

46 4546 49 4550 ’
122 4549 156 4599 23
171 4550 473 4599 meditullium.medieus
486 4562 586 4612 quoque
601 4546 702 4596 uidetur
722 4546 780 4594 inde
798 4547 880 4596 dictas
899 4546 959 4609 quia
977 4546 1144 4610 temperantia
1162 4546 1274 4594 medium
1292 4555 1331 4594 est
1346 4547 1416 4594 inae·

121 4620 250 4681 qualitatis
270 4635 335 4683 quae
353 4619 417 4669 solet
435 4618 490 4666 lleri
508 4633 540 4666 ex
559 4617 692 4668 contrariis
711 4615 1049 4665 elementiamediastriaua
1075 4615 1135 4665 inde
1153 4614 1173 4663 S
1242 4615 1416 4665 mediastrium

121 4689 348 4739 Omediatiuustl
418 4688 451 4736 25
470 4686 587 4736 mediana
606 4688 626 4736 S
644 4684 787 4733 mediamna
806 4685 827 4734 C
844 4684 1014 4734 medimuah'
1082 4684 1117 4735 33
1137 4682 1252 4732 birriaS
1304 4684 1413 4734 cereaG

191 4757 226 4809 34
249 4759 274 4807 iu
294 4754 402 4821 Andria]
425 4757 444 4804 ll
464 4758 496 4814 l,
516 4755 549 4806 33
630 4754 664 4805 35
688 4761 776 4802 auttu
795 4752 934 4802 authicS
959 4762 1060 4802 auttua
1080 4753 1160 4804 hicG
1186 4762 1230 4804 aut
1249 4754 1353 4803 uiaaut
1376 4752 1417 4802 liic

120 4830 142 4881 0
210 4827 328 4876 hirriaS
396 4823 658 4889 colerenturque
728 4823 761 4875 37
779 4824 873 4873 marsia
892 4820 957 4874 θῶς

205 4930 409 4974 oauuuarror
432 4930 543 4972 aarum
566 4930 613 4970 111.
1172 4907 1210 4970 31
