3352 5490
275 318 337 379 468
827 316 1013 378 PlllSClle

342 459 347 470 .
364 432 423 473 nar.
436 431 462 471 aa
476 430 500 471 r.
1368 431 1484 471 ,car-sa
1499 430 1530 471 a.

275 446 349 566 ralis
368 501 413 585 [ct
435 510 480 562 est
501 521 517 561 a
539 500 675 581 Graeco}
692 498 706 584 ss
722 500 811 562 Cuius
834 511 879 561 est
901 500 1029 579 gradus?
1059 501 1242 580 superlativi.
1279 443 1366 562 Vndri
1383 502 1440 562 hoc
1461 509 1587 562 certum

275 604 341 667 est?
364 605 438 675 Quia
461 604 598 663 omnibns
615 602 690 663 solet
711 603 842 663 numeris
865 603 1007 681 praeponi
1031 610 1059 661 et
1082 602 1216 678 genetivo
1238 603 1342 682 plurali
1366 621 1488 681 semper
1509 621 1588 663 con·

273 707 417 785 iungitur,
440 704 518 782 quod
541 723 627 765 suuni
650 712 695 765 cst
714 704 897 783 superlativi,
922 713 953 763 ut
971 703 1083 783 primus
1103 702 1230 764 illorum.
1268 723 1337 780 ergo
1361 703 1587 782 praepositivus

274 808 389 869 illorum
417 814 462 867 est
486 804 637 865 nominum
665 806 878 883 superlativus,
904 823 980 882 quae
1009 822 1162 863 numerum
1191 804 1356 881 signiticaret
1384 824 1399 864 a
1429 804 1526 865 tribus
1553 813 1587 864 et

228 900 234 912 '
277 909 360 970 ultra.
405 926 474 967 nam
493 907 708 986 comparativus
727 906 806 977 eius,
829 906 857 966 id
879 915 925 966 est
946 905 1041 984 prior,
1063 907 1114 982 qui
1137 906 1172 964 ad
1192 925 1281 965 unum
1302 906 1376 966 solet
1396 906 1475 978 deri,
1496 923 1608 966 sem-s

227 1016 259 1067 37
279 1029 331 1089 per
348 1010 424 1068 inter
443 1008 517 1067 «luris
535 1007 663 1087 ponitur.
696 1006 773 1084 qnod
793 1015 890 1067 antem
913 1003 1142 1085 comparativum
1165 1014 1211 1066 ost
1226 1007 1321 1085 prior,
1343 1006 1474 1066 ostendit
1490 1007 1584 1067 etiam

276 1120 410 1171 neutrum
434 1108 512 1186 quod
538 1109 574 1169 ab
596 1128 631 1169 ro
654 1107 800 1178 nascitur,
824 1107 914 1187 prius.
960 1107 1071 1168 nullum
1094 1107 1171 1166 enirn
1198 1126 1303 1168 nornen
1328 1109 1357 1168 in
1379 1126 1413 1167 or
1436 1102 1584 1168 deuncos

276 1190 432 1272 commune
458 1211 487 1270 in
511 1231 545 1271 us
568 1211 636 1270 lacit
659 1218 813 1281 neutrum,
840 1209 896 1268 nisi
918 1210 957 1268 sit
975 1207 1220 1288 cornpnratirum,
1245 1217 1276 1268 ut
1298 1209 1346 1268 liic
1369 1218 1398 1268 et
1419 1209 1494 1269 baec
1516 1228 1584 1268 me·

277 1314 331 1375 lior
353 1321 382 1373 et
407 1314 411 1388 1
437 1312 494 1372 boc
517 1310 637 1381 melius,
660 1309 708 1370 hio
730 1319 760 1369 et
782 1310 855 1370 bace
879 1309 993 1369 doctior
1016 1320 1043 1369 et
1066 1309 1123 1368 boe
1144 1309 1269 1369 doctius.
1315 1311 1357 1370 sic
1386 1328 1456 1387 ergo
1480 1309 1530 1370 bic
1552 1319 1583 1370 et

277 1417 350 1476 liaeo
377 1414 458 1493 prior
482 1423 511 1472 ct
537 1411 593 1471 hoc
621 1411 712 1489 prius.
757 1411 815 1470 Fac
844 1411 1023 1472 adverbium.
1069 1410 1165 1470 Prirne
1193 1419 1222 1470 et
1244 1411 1371 1490 primum
1408 1421 1437 1471 et
1468 1412 1617 1490 primaru

227 1526 261 1578 38
278 1516 336 1576 l‘ac
358 1514 547 1574 derivativum
564 1532 680 1573 nomen.
717 1512 878 1585 Primitiae,
901 1511 1065 1591 primitivus
1090 1510 1231 1590 primitiva
1255 1511 1443 1586 primitivum,
1467 1512 1581 1591 prima-

277 1618 354 1689 riuS,
382 1613 556 1695 primulum,
584 1613 744 1692 primores,
778 1614 911 1692 priscus,
940 1613 1100 1691 pristinus,
1131 1613 1240 1691 primas
1269 1613 1411 1692 primatis.
1459 1614 1520 1675 Cur
1548 1615 1580 1675 in

278 1721 336 1779 line
361 1714 601 1776 circmntlectitur
631 1711 762 1792 primas?
798 1713 871 1783 Quia
903 1713 1013 1791 antiqui
1042 1713 1090 1773 liic
1122 1722 1152 1774 et
1179 1714 1252 1774 lraec
1281 1715 1413 1793 primatis
1441 1714 1582 1775 dicebant

278 1817 488 1897 paenultimam
513 1816 786 1875 circunrllectentea
832 1816 851 1875 ti
875 1815 963 1892 igitur
981 1815 1098 1876 concisa
1122 1817 1229 1875 mansit
1251 1824 1391 1876 accentus
1413 1817 1527 1892 integer
1550 1817 1580 1877 in

280 1921 381 1980 cadent
410 1937 427 1977 a
455 1917 567 1988 bttera,
595 1926 671 1993 tprac
699 1925 844 1976 extremae
873 1916 1000 1994 syllabae
1030 1918 1104 1976 lacta
1135 1926 1195 1990 cst,
1230 1935 1305 1994 quae
1334 1926 1396 1976 erat
1428 1917 1457 1976 in
1489 1917 1617 1995 plenors

279 2019 466 2100 paenultima.
511 2036 581 2094 ergo
603 2019 659 2077 boe
680 2016 757 2077 idem
778 2017 809 2076 in
831 2019 968 2077 omnibus
991 2016 1135 2077 similibus
1158 2016 1371 2078 observandum
1390 2028 1449 2091 est,
1476 2026 1508 2078 ut
1525 2020 1581 2079 dr·

229 2138 263 2190 39
281 2123 366 2202 pinas
390 2121 515 2181 Sufenas
539 2120 673 2198 Capenas
702 2126 732 2177 et
763 2118 907 2186 similibus
937 2119 1010 2178 aliis.
1056 2120 1120 2178 Fac
1142 2120 1303 2197 composita
1326 2140 1340 2179 a
1365 2120 1469 2199 primo.
1516 2120 1581 2180 l’ri·

280 2224 443 2296 mordium,
472 2219 668 2300 principium,
701 2219 925 2298 primipilarius,
959 2219 1162 2298 primicerius,
1191 2220 1397 2299 ‹lecemprinii,
1428 2221 1580 2297 utromodo

279 2324 450 2395 decemviri,
475 2321 686 2400 primogenitus
704 2314 897 2397 πρωτότοκος,
914 2320 1090 2399 primatinns
1105 2316 1248 2398 πρώιμος,
1266 2322 1412 2400 quomodo
1429 2322 1580 2383 serotinus

278 2417 403 2503 ὅψιμος,
426 2423 668 2503 pridieprinccps.
950 2447 952 2451 ¹
1589 2449 1617 2489 20

229 2537 264 2588 40
366 2525 414 2587 Ab
437 2544 511 2603 (puae
533 2542 602 2603 pars
624 2522 764 2583 orationis
787 2521 853 2582 est?
876 2522 1066 2601 Praepositio.
1113 2523 1187 2594 Quid
1209 2532 1254 2584 cst
1276 2523 1476 2603 praepositio?
1507 2526 1581 2586 l'ars

281 2626 419 2688 orationis
442 2643 517 2702 (luae
542 2624 708 2704 praeposita
731 2624 794 2685 aliis
818 2624 950 2703 partibus
972 2625 1111 2685 orationis
1141 2625 1382 2702 significationem
1406 2644 1506 2685 earum
1530 2636 1582 2687 aut

281 2728 408 2808 complet
432 2738 481 2786 aut
500 2734 595 2786 mutat
613 2735 662 2785 aut
677 2725 795 2799 minuit;
819 2725 961 2804 complet,
987 2735 1018 2785 ut
1033 2727 1108 2814 facio
1127 2727 1263 2806 perficio,
1286 2735 1394 2799 mutat,
1419 2736 1451 2786 nt
1473 2726 1581 2789 doctus

280 2830 433 2901 indoctus,
453 2827 573 2900 minuit,
598 2834 630 2886 ut
650 2825 731 2886 rideo
751 2825 897 2887 subrideo.
944 2827 996 2888 Cui
1012 2827 1093 2888 casui
1113 2828 1300 2904 coniungitur
1322 2829 1358 2887 ab
1381 2828 1582 2907 praepositio?

229 2931 423 2994 arabiana.
468 2931 499 2990 lu
527 2920 795 3007 appositione'sola
819 2948 855 2988 an
879 2926 965 2988 etiam
987 2929 1017 2988 in
1042 2929 1254 3006 compositione
1273 2929 1337 2990 aliis
1360 2930 1491 3009 partibus
1513 2950 1620 2998 ora-25

282 3032 369 3092 tionis
391 3027 601 3111 praeponitur?
641 3028 832 3108 Praeponitur
854 3039 912 3089 tam
935 3031 964 3089 iu
989 3029 1201 3108 compositione
1223 3048 1309 3107 quam
1335 3031 1364 3090 in
1383 3031 1580 3111 appositione,

282 3133 335 3194 sed
368 3134 398 3193 in
428 3130 641 3210 compositione
665 3149 730 3190 cunr
755 3131 949 3213 nonrillnatiro
974 3140 999 3190 et
1021 3136 1025 3208 Ι
1046 3150 1113 3195 curn
1142 3132 1205 3192 eius
1233 3132 1427 3193 declinatione
1457 3132 1500 3193 rel
1523 3133 1581 3193 illis

281 3235 459 3296 dictionibus
482 3250 558 3310 quae
579 3239 680 3291 carent
698 3231 831 3301 casibus,
855 3232 883 3291 in
907 3233 1090 3311 appositione
1106 3252 1173 3294 vero
1190 3252 1256 3295 eum
1272 3234 1395 3294 ablativo
1418 3234 1581 3295 casualium

283 3343 411 3408 tantum,
436 3343 468 3395 ut
488 3333 602 3394 abduco
616 3332 766 3394 abducens
787 3333 976 3408 abducentis,
1000 3333 1085 3412 abigo
1106 3318 1227 3413 abigens
1246 3334 1400 3413 abigentis.
1438 3344 1467 3395 et
1483 3337 1580 3396 scien·

282 3437 368 3510 dnm,
391 3435 470 3513 quod
493 3434 614 3495 eandem
638 3433 880 3512 significationem
903 3434 1012 3495 babent
1034 3435 1102 3495 aab
1120 3436 1183 3496 abs.
1228 3443 1257 3495 et
1280 3456 1296 3495 a
1319 3435 1437 3514 quidem
1461 3436 1504 3496 rel
1527 3437 1619 3501 absao

356 3655 367 3704 l
394 3664 419 3703 et
437 3664 476 3704 est
494 3670 508 3703 a
528 3669 621 3719 gracco
643 3653 710 3716 quod
734 3650 845 3716 πρῶτος
864 3669 889 3716 ς,
908 3670 955 3706 orie.
974 3653 996 3702 S
1064 3656 1080 3704 2
1100 3656 1159 3719 quia
1182 3657 1326 3705 nominibus
1346 3658 1427 3718 (corr.
1448 3656 1583 3723 omnibus)

285 3725 349 3774 solet
366 3728 488 3789 praeponi
505 3724 527 3772 S
584 3723 600 3773 3
617 3721 817 3788 praepositivus]
836 3725 938 3788 proprio
958 3723 1000 3773 GS
1019 3726 1137 3791 propriae
1154 3727 1175 3776 C
1192 3727 1289 3790 primns
1305 3727 1424 3777 Ii'relrlins
1442 3743 1477 3777 ex
1494 3730 1583 3778 codice

285 3794 436 3844 ,lionuceirai
442 3830 448 3843 .
456 3795 644 3859 praepositivus
659 3808 694 3841 ea:
705 3795 737 3841 iis
749 3808 813 3857 quoe
825 3809 847 3842 o.
866 3793 983 3842 baddilo
995 3803 1052 3843 mint
1064 3797 1088 3843 in
1101 3794 1174 3845 libris
1185 3795 1232 3844 buc
1244 3799 1391 3859 transposui
1476 3799 1492 3846 5
1511 3799 1582 3846 eins·
1596 3841 1607 3857 ,

283 3863 341 3913 dein
364 3865 434 3929 prior
453 3865 512 3926 quia
530 3864 562 3912 ad
581 3864 601 3911 G
612 3875 620 3887 ·
668 3862 684 3911 o
708 3864 810 3926 ponitur
832 3876 894 3927 ergo
913 3865 1101 3927 praepositiuus
1121 3866 1305 3930 (propositiuus
1324 3866 1360 3927 (ι’)
1384 3868 1487 3917 aomina
1505 3866 1583 3916 babet

285 3948 447 3982 numerorum
463 3934 530 3996 quod
548 3932 589 3982 CG
607 3932 709 3997 ponitur
726 3946 787 3996 crgo
806 3933 979 3996 praepositius
999 3934 1102 3982 nomina
1121 3933 1214 3983 babent
1234 3951 1365 3985 numerum
1385 3936 1453 4000 quod
1472 3936 1505 3985 S.
1517 3953 1584 4000 quae

283 4005 434 4065 interposito
445 4012 503 4052 aurat
514 4004 550 4052 ud
564 4020 584 4050 a*
596 4002 612 4050 3
626 4005 757 4062 pertinere
769 4002 891 4060 videatur,
907 4001 949 4049 ndi
957 4001 989 4050 od
1002 4005 1061 4052 aliis
1077 4005 1134 4054 olim
1148 4008 1267 4066 scriptum
1279 4013 1337 4054 erut
1349 4008 1412 4054 illud
1427 4008 1494 4071 quod
1512 4005 1580 4068 dedi,

285 4088 347 4137 ergo
364 4074 550 4138 praepositivus
569 4072 669 4120 illorum
684 4085 752 4134 sqq„
766 4070 798 4118 ob
816 4073 874 4120 aliie
888 4084 949 4136 ergo
966 4073 1068 4137 proprie
1087 4075 1190 4123 nomina
1202 4074 1277 4122 habet
1290 4089 1450 4124 numerorum
1469 4077 1582 4124 utribus

284 4152 309 4191 ct
328 4143 393 4191 ultro
466 4144 497 4192 td
520 4141 641 4205 reprimo
660 4155 706 4200 oni,
727 4141 748 4189 G
767 4152 790 4189 et
809 4141 890 4205 primo
910 4149 934 4189 et
953 4143 1121 4206 compositum
1139 4143 1290 4208 adprimeS
1377 4147 1405 4195 li
1430 4145 1582 4211 primitiali

354 4212 490 4277 primarius
509 4237 541 4247 —
562 4211 592 4258 12
612 4210 735 4274 pristinus
752 4224 799 4260 om.
817 4211 847 4259 S'
923 4209 953 4258 12
971 4211 1130 4274 primuluss
1223 4214 1251 4262 17
1271 4214 1418 4263 sntlenasS
1488 4215 1583 4263 rao-

284 4277 319 4328 ·20
333 4280 416 4347 pridie
440 4281 559 4345 princeps
588 4295 633 4327 oiri.
654 4279 697 4328 S:
716 4280 765 4327 Fac
796 4296 841 4329 one.
858 4279 902 4328 CG
997 4282 1165 4346 compositum
1193 4298 1208 4330 a
1239 4284 1336 4348 primns
1364 4285 1385 4334 0
1476 4283 1507 4334 18
1530 4284 1583 4349 pri·

284 4351 403 4400 micerins
423 4350 496 4412 quusi
516 4350 613 4414 primus
632 4346 706 4397 clrerc
722 4384 728 4396 .
742 4360 780 4398 est
799 4358 882 4396 antem
902 4347 976 4397 chere
992 4349 1060 4415 legio
1075 4351 1130 4399 sire
1148 4354 1274 4400 exercitus
1294 4353 1318 4401 L
1391 4353 1421 4403 ta
1434 4353 1585 4405 nrornocO

284 4417 426 4470 nrouocG
479 4420 512 4467 20
531 4417 732 4483 pridicprinceps
751 4427 854 4467 vocatus
872 4420 1031 4482 (tm-ocatur)
1044 4418 1120 4469 bodie
1135 4421 1179 4482 qni
1197 4420 1251 4470 lieri
1272 4422 1303 4470 dc
1322 4424 1467 4487 principatu
1486 4425 1582 4472 ciectus

284 4498 335 4538 est.
350 4489 387 4537 sic
405 4487 498 4536 fiebant
516 4488 633 4536 consules
651 4487 757 4536 Romani
775 4486 798 4535 L
850 4489 883 4537 25
902 4487 927 4535 in
947 4489 1106 4552 appositione
1125 4510 1181 4540 m
1198 4492 1273 4539 etiam
1293 4493 1331 4555 tin
1347 4493 1508 4557 appositione
1527 4492 1583 4542 sola

285 4573 350 4621 quac
368 4557 443 4606 etiarn
461 4556 486 4619 a)
506 4558 531 4605 in
555 4555 739 4620 compositione
758 4591 1066 4608 ................
1086 4559 1143 4607 aliis
1166 4560 1281 4623 partibus
1307 4562 1429 4609 orationis
1448 4572 1497 4611 tam
1517 4561 1538 4611 S
1556 4562 1580 4610 in

284 4627 443 4691 appositione
466 4626 520 4675 sola
539 4640 570 4673 an
598 4625 673 4673 etiam
697 4626 722 4673 in
747 4626 948 4689 compositione?
976 4626 1126 4677 tlusnnlibus
1143 4629 1257 4693 partibus
1275 4631 1396 4679 orationis
1416 4634 1582 4696 praeponitur

284 4705 333 4744 taur
354 4710 371 4749 ς
440 4693 474 4744 26
492 4695 657 4759 praeponitur
675 4695 839 4760 praeponitur
857 4695 931 4743 ctiam
951 4705 1001 4744 tam
1018 4696 1037 4745 C
1055 4699 1221 4761 praeponitur
1242 4700 1334 4748 tamG
1359 4738 1360 4742 ,
1388 4703 1421 4749 28
1441 4702 1581 4750 casualium

283 4772 382 4813 tantum
396 4762 418 4812 S
432 4771 531 4812 tautum
548 4763 688 4813 casualium
707 4762 729 4813 o
745 4763 886 4814 casualium
905 4766 1055 4814 terminatur
1074 4766 1095 4816 0
