3352 5490
481 1052 545 1146 uu
578 1051 764 1148 attritis
796 1051 1102 1146 rauvtluttt
1133 1051 1379 1147 llllllllllll.

841 1275 1019 1284 ——-——

332 1403 353 1443 p.
365 1390 414 1431 rata
433 1390 491 1432 rou.
1338 1436 1341 1441 ,
1388 1403 1408 1443 ρ.
1420 1389 1526 1431 maru.

219 1485 265 1538 11
370 1480 441 1540 Cum
475 1498 534 1538 non
563 1477 657 1539 solum
684 1477 837 1538 Terentius
867 1478 918 1537 seu
952 1478 1038 1538 etiam
1066 1478 1185 1540 Plautus
1215 1486 1244 1538 ot
1272 1478 1384 1539 Ennius
1413 1479 1578 1556 Acciusque

280 1589 312 1642 et
334 1582 459 1640 Naevius
488 1589 575 1657 atque
604 1579 745 1640 Pacuvius
774 1579 980 1657 Turpiliusque
1012 1590 1041 1641 et
1070 1600 1174 1641 omnes
1201 1590 1259 1640 tam
1292 1579 1460 1639 ooinoediau
1488 1597 1576 1656 quam

281 1683 447 1759 tragoediae
472 1681 577 1741 veteris
599 1680 718 1741 Latinae
740 1680 899 1759 scriptores
929 1682 1031 1766 euclem
1054 1682 1139 1743 metri
1164 1682 1251 1743 modo
1277 1681 1392 1742 iambici
1421 1690 1490 1743 sunt
1520 1681 1577 1752 usi,

282 1793 314 1844 nt
337 1783 472 1844 ouiriibus
495 1783 524 1842 in
548 1783 621 1842 louis
642 1782 842 1842 indifferenter
864 1792 1008 1861 ponerent
1029 1784 1156 1861 quinque
1187 1784 1291 1863 polea,
1322 1784 1349 1842 iu
1379 1792 1425 1843 ost
1447 1782 1603 1842 iamlmma

282 1885 325 1944 tel
348 1885 526 1944 tribrachum
550 1883 593 1942 vel
609 1893 799 1962 anapaestum
817 1885 860 1943 rel
876 1884 1018 1962 dactylum
1037 1885 1080 1944 rel
1096 1886 1275 1964 spondeum,
1300 1884 1410 1961 absque
1426 1893 1577 1964 postrema

262 1984 362 2058 loco,
390 1987 418 2045 in
443 2004 499 2063 qno
524 1984 566 2043 vel
593 1984 719 2045 iambum
743 1985 786 2045 uel
810 1985 985 2064 pprioliium
1009 1987 1177 2047 oirtuimotlo
1206 1987 1342 2065 posuisse
1374 1987 1577 2059 inveniuntur3

281 2088 371 2148 miror
394 2087 536 2164 quostiam
560 2086 603 2146 rol
628 2087 773 2163 almepare
794 2107 860 2146 esse
884 2087 912 2147 in
931 2088 1058 2148 Terentii
1079 2088 1238 2148 comoetliis
1258 2097 1349 2147 metra
1372 2088 1414 2147 rol
1438 2107 1471 2147 ea
1492 2087 1576 2164 quasi

281 2209 386 2250 aroana
409 2188 551 2266 quaedam
575 2197 603 2247 et
625 2188 661 2248 ab
686 2188 821 2249 omnibus
844 2189 938 2250 tlotztis
965 2200 1076 2250 seinata
1099 2189 1154 2249 sibi
1185 2189 1255 2249 solis
1278 2209 1343 2249 esso
1367 2190 1481 2266 cognita
1506 2208 1578 2247 uitri-

281 2292 406 2351 firmare.
452 2309 576 2369 qnorum
598 2298 629 2350 ut
651 2290 693 2349 rel
715 2290 875 2369 imperitiae
897 2290 941 2351 rel
963 2292 1144 2367 arrogantiae
1165 2290 1263 2350 vitium
1290 2291 1479 2367 effugiamus,
1509 2289 1577 2349 bre-
1590 2306 1613 2345 ιο

281 2393 354 2452 uitur
377 2393 412 2451 tle
435 2412 522 2470 snpra
546 2392 691 2452 dictorum
713 2392 816 2451 metris
831 2384 982 2451 auctorum
998 2412 1193 2470 exponamus,
1218 2392 1393 2452 testimoniis
1412 2392 1497 2451 etiam
1517 2410 1579 2450 nro·

282 2493 423 2554 tricorum
446 2513 612 2570 usuumque
633 2492 893 2573 approbationibus
917 2500 1041 2553 utentes.

249 2596 265 2644 2
367 2594 526 2655 satiandum
549 2597 650 2671 igitur,
671 2593 676 2675 l
697 2595 773 2671 quod
798 2593 913 2654 iambici
937 2614 1038 2655 versus
1062 2595 1103 2654 rol
1124 2597 1297 2656 uroraometri
1318 2604 1387 2656 suut
1407 2614 1440 2654 ex
1462 2594 1578 2655 ortubus

282 2696 407 2776 pedibus
429 2696 611 2776 simplicibus
632 2697 796 2756 coniunctis
819 2696 862 2755 iel
891 2697 1006 2756 ‹limetri
1036 2707 1229 2774 etquattuor
1252 2697 1294 2756 rel
1319 2697 1440 2756 trimetri
1465 2716 1498 2755 ex
1526 2715 1578 2756 sex

270 2801 326 2877 ¹vel
349 2799 508 2858 tetrametri
530 2818 564 2857 ex
583 2806 666 2857 octo:
693 2817 759 2858 uam
783 2785 1008 2876 pentametri‘ot
1028 2797 1192 2863 hexametri
1208 2798 1356 2860 rarissime
1380 2798 1576 2858 inveniuntur.
1593 2821 1615 2855 u

283 2920 352 2979 ergo
376 2900 515 2960 trimetris
538 2908 566 2959 et
589 2899 763 2959 tetrainetris
789 2900 956 2976 frequentor
985 2908 1104 2960 utuntur
1125 2901 1246 2969 cantici,
1277 2900 1341 2960 aliis
1370 2919 1437 2971 uero
1463 2919 1528 2959 raro
1550 2907 1579 2958 et
1607 2932 1609 2939 ,

283 3004 312 3063 in
336 3003 432 3062 iuotlio
453 3002 595 3080 dispersis
621 2997 884 3082 prollnnntiationis
911 3000 1069 3078 rptlimicae
1096 3021 1182 3061 causa
1210 3011 1239 3062 et
1266 3002 1469 3061 distinctionis.
1512 3002 1578 3061 itleo

282 3113 380 3165 autem
404 3104 568 3183 spondeum
592 3105 635 3163 vel
661 3103 805 3181 dactylum
830 3103 858 3162 in
882 3102 1012 3162 secundo
1036 3102 1079 3161 rel
1099 3111 1202 3180 quarto
1221 3103 1286 3164 loco
1306 3112 1475 3182 posuerunt,
1498 3103 1577 3179 qnotl

282 3207 458 3269 invenerunt
479 3207 566 3266 etiam
589 3205 665 3284 aputl
689 3206 817 3264 Graecos
839 3203 968 3263 comicos
991 3205 1222 3277 uetustissimos,
1247 3205 1378 3283 qqaun'is
1401 3223 1483 3275 raro,
1514 3204 1577 3263 lieri

282 3315 379 3368 tamen
400 3306 456 3367 boo
479 3307 564 3367 illem.
603 3315 634 3366 nt
653 3305 749 3366 solent
768 3314 865 3364 autem
882 3304 975 3364 latini
999 3306 1027 3365 in
1048 3306 1146 3366 multis
1167 3305 1279 3366 initium
1300 3306 1406 3383 aliquitl
1431 3305 1615 3383 accipian-ao

282 3417 327 3469 tes
350 3429 365 3467 a
393 3410 511 3468 Graecis
534 3408 570 3467 all
593 3417 717 3485 augusto
739 3406 768 3466 in
789 3407 913 3466 ellusuru
936 3405 1070 3466 licentiae
1099 3408 1226 3485 spatium
1253 3409 1309 3468 boo
1332 3407 1468 3479 dilatare,
1505 3426 1578 3485 qun-

282 3511 370 3571 motlo
393 3513 525 3569 lecerunt
546 3510 575 3568 in
599 3517 681 3569 sexto
709 3527 779 3568 casn
803 3488 964 3567 secunclum
994 3509 1207 3570 cottistissimos
1228 3510 1406 3569 Graecorum
1433 3527 1579 3586 gramma-

282 3611 526 3671 ticos—sertum
549 3612 625 3671 enim
650 3630 751 3671 casum
776 3609 815 3669 illi
839 3608 976 3669 tlioebant
993 3606 1100 3687 ἐμέθεν
1122 3609 1212 3670 σέθεν
1233 3608 1321 3681 ἕθεν,
1351 3611 1378 3670 ia
1405 3618 1449 3670 ost
1477 3629 1492 3669 a
1520 3629 1577 3679 ine,

282 3733 297 3774 a
322 3721 364 3784 te,
388 3733 403 3772 a
430 3731 479 3784 se,
503 3731 588 3788 quem
612 3712 641 3771 in
665 3711 801 3771 omnibus
821 3711 987 3772 casualibus
1010 3721 1197 3772 serraverunt
1220 3713 1324 3772 Latim.
1370 3711 1503 3771 similiter
1524 3712 1579 3771 im-

283 3813 484 3894 personaliaa
516 3815 618 3893 paucis
640 3813 759 3877 Graecis
783 3821 920 3891 accepta,
951 3814 978 3872 iu
1002 3824 1047 3874 cst
1075 3803 1209 3871 ἀπὸτοῦ
1233 3812 1291 3878 δεῖ,
1320 3805 1389 3890 χρή,
1418 3810 1514 3888 μέλει,
1547 3813 1615 3874 inas

249 3917 418 3978 tomnibus
450 3918 510 3975 luce
539 3916 639 3976 aotiris
667 3924 695 3975 ct
722 3916 833 3976 neutris
864 3916 980 3976 liabent..
1027 3933 1180 3994 squoque
1208 3934 1274 3976 oum
1302 3915 1449 3976 rarissime
1474 3933 1579 3973 neces-

283 4019 368 4080 sitate
399 4017 525 4079 notriinis
554 4017 610 4076 vim
641 4017 831 4077 cotisonantis
860 4016 965 4077 amittit
993 4016 1070 4096 aputl
1101 4017 1244 4088 Graecos,
1275 4025 1307 4076 nt
1338 4017 1516 4075 llomerns
1547 4017 1577 4075 in

284 4121 438 4182 Boeotia
1162 4135 1179 4160 ·

859 4194 1152 4280 πολυστάφυλόν
1174 4194 1205 4260 e'
1226 4193 1424 4281 ‘lactat'ov,

353 4413 368 4459 2
388 4419 412 4457 rt
429 4418 487 4458 aiere
507 4409 603 4459 Ennius
621 4424 666 4457 aar.
687 4407 734 4458 BA
805 4408 957 4471 accniusqne
979 4408 1006 4456 V
1074 4409 1206 4456 incuteres
1222 4407 1273 4456 AB
1357 4408 1388 4456 rt
1406 4412 1579 4470 ttersnumque

282 4479 531 4550 aprobatiouibusB
612 4479 872 4540 llllrequentech
894 4479 1053 4540 frequentias
1073 4477 1149 4526 ΒΓΑ
1220 4477 1387 4527 incoenati
1468 4477 1496 4526 li
1518 4493 1577 4541 pro·

283 4550 449 4597 nuntiationis
467 4551 512 4603 Βς
530 4548 777 4612 pronuntiationibus
791 4549 874 4595 rtVA
951 4547 1139 4605 ¹‹listinctionib3
1158 4562 1226 4595 coar.
1249 4547 1317 4594 -nis
1335 4547 1359 4596 B
1442 4546 1473 4595 18
1492 4547 1517 4594 iu
1536 4563 1579 4595 se·

281 4618 364 4666 euraclo
386 4619 423 4666 ccl
442 4636 488 4668 om.
508 4618 599 4680 ΝΑ,
623 4619 684 4666 adil.
705 4619 756 4671 Ιίς
776 4619 897 4665 eteoclem
918 4616 1050 4666 terrensis
1072 4619 1146 4666 Voss.
1168 4616 1238 4666 344
1310 4615 1344 4664 20
1362 4617 1465 4678 aliquod
1484 4615 1509 4663 B

282 4690 315 4736 ‘23
335 4683 403 4736 trev
421 4688 458 4737 trs
476 4691 650 4750 scriptumest
670 4690 695 4734 in
718 4687 768 4735 VB
856 4688 888 4734 2l
910 4683 995 4749 quem]
1013 4687 1030 4747 q
1045 4686 1069 4733 a.
1091 4703 1113 4735 c.
1136 4700 1200 4746 quae
1220 4685 1241 4733 Il
1321 4685 1354 4735 26
1375 4685 1468 4733 habunt
1490 4701 1536 4735 om.
1553 4686 1580 4735 B

337 4758 370 4804 27
391 4755 511 4820 nominis]
525 4757 653 4805 ‘carminis
671 4755 714 4811 Be
768 4755 793 4802 iu
809 4755 923 4820 Boeotia]
939 4757 963 4803 io
979 4757 1036 4804 axia
1049 4754 1096 4803 B:
1117 4754 1148 4805 Il.
1160 4755 1186 4802 B
1201 4754 1251 4804 537
1309 4754 1342 4804 29
1361 4745 1403 4817 θ’]
1422 4770 1452 4804 re
1471 4756 1580 4806 RVAB
