3352 5490
174 363 216 426 92
567 362 752 427 Pulscttnt
773 364 868 425 nist.
890 363 1004 427 Ltuutt
1025 365 1074 426 XV

174 567 302 603 seniensis
325 565 447 603 oocronts
469 566 542 602 vnum
567 565 653 602 nonne
677 553 874 602 consrsnrmoi.
896 565 970 600 creso
995 565 1039 604 xv.
1064 567 1097 601 os
1119 566 1246 602 tornesio
1266 568 1341 603 exre.
1368 556 1462 606 lnctem

174 637 248 672 cisen
264 638 316 672 xvi.
333 637 365 671 ns
384 634 584 673 oontvscrtornr.
604 620 629 670 B
700 620 770 670 Artis
788 621 905 685 pristiuni
924 621 972 668 uiri
987 621 1166 675 dissertissimi
1184 624 1318 686 grimstici
1336 626 1463 673 cesarien-

173 692 210 741 sis
229 693 339 741 doctoris
359 692 428 740 urbis
444 701 514 739 rome
534 697 659 742 constent.
679 689 743 740 liber
757 706 791 740 xv
810 691 841 740 dc
859 690 981 741 udnerliio
998 689 1111 756 explicit.
1138 691 1207 757 incip
1223 707 1276 745 xvi.
1294 693 1325 742 de
1344 695 1462 744 coniuno-
1497 731 1505 741 .

175 762 254 810 tionis.
277 763 299 811 D
369 775 442 811 norm
461 773 595 810 nutscltttt.
615 774 670 811 vim
688 775 867 813 otssnrtssnu.
888 762 1036 810 uniuersos.
1053 775 1229 813 conoturiensis
1247 777 1371 813 oocroms
1388 779 1462 814 vnum

173 833 233 881 noti.
255 844 468 882 cousrnnrtnore.
490 832 589 883 exuero.
608 844 683 880 otono
704 845 747 879 xv.
766 845 798 879 on
819 843 956 882 novennio.
983 843 1086 880 inctrtr.
1111 845 1185 880 utssn
1208 846 1264 882 xvi.
1288 847 1321 883 oe
1339 846 1462 884 coniunc-

172 915 248 950 rtose
279 901 306 949 H
374 900 451 949 Elena
471 898 533 948 ortis
551 900 649 963 psciuui
668 900 716 949 uiri
739 899 901 948 disertissimi
919 899 1051 965 grimutici
1070 901 1238 950 caesariensis
1257 901 1368 951 doctoris
1390 904 1462 954 urbis

173 984 258 1020 romae
280 968 568 1032 constantinopolitanae
594 968 641 1020 lili.
662 985 704 1018 xv.
724 970 756 1019 de
773 970 896 1019 educrbio
915 967 1059 1033 explicitus.
1088 970 1180 1034 Incipit
1201 969 1247 1019 lili.
1267 985 1322 1021 xvi.
1348 972 1380 1022 de
1400 988 1462 1022 con-

173 1039 309 1092 iunctione.
329 1038 404 1088 GLK
424 1039 462 1088 ici
480 1032 525 1088 tit.
543 1054 587 1088 xvi
612 1040 643 1089 de
661 1041 735 1090 diune
752 1043 777 1089 io
792 1054 839 1104 naq.
863 1047 1001 1100 praeterea
1018 1037 1079 1087 odd.
1102 1038 1147 1087 L'
1215 1040 1325 1106 Explicit
1347 1041 1392 1092 lib.
1414 1042 1462 1092 XV

174 1109 209 1158 lle
229 1108 367 1161 Aduerbio.
394 1108 517 1171 Equidem
538 1109 681 1158 coniunctio
699 1118 738 1158 est
756 1117 780 1158 ct
803 1123 852 1157 non
871 1108 1012 1173 compositu
1032 1108 1064 1156 ub
1089 1121 1118 1158 eo
1138 1108 1207 1170 quod
1224 1118 1263 1159 est
1281 1125 1329 1176 ego
1348 1112 1461 1174 quidem,

172 1179 291 1242 quemuis
310 1181 344 1228 itu
361 1193 418 1228 esse
439 1179 542 1240 quidum
565 1186 728 1244 putauerunt,
759 1177 812 1228 Sed
833 1177 907 1227 mule.
936 1177 999 1226 llam
1025 1178 1143 1241 equidem
1168 1177 1232 1229 lucis
1256 1181 1374 1241 equidem
1399 1181 1462 1231 lucit

172 1249 290 1298 dicimus.
325 1249 376 1314 ligo
394 1256 477 1298 entem
496 1248 604 1297 lecimus
621 1256 645 1298 et
663 1264 712 1314 ego
734 1246 794 1296 lacit
813 1263 886 1297 nemo
905 1247 981 1303 dicit;
1006 1248 1054 1297 scd
1074 1248 1107 1297 ud
1125 1249 1234 1313 primam
1252 1264 1388 1315 personam
1406 1260 1461 1301 tun-

171 1325 223 1366 tum
240 1317 357 1373 rclertnr.
380 1332 428 1383 ego
447 1316 522 1369 lucio.
559 1315 590 1364 Et
611 1318 728 1380 equidem
746 1317 857 1381 simplex
874 1331 930 1367 esse
949 1318 1023 1366 etium
1043 1316 1179 1366 Sallustius
1198 1318 1309 1367 ostendit
1328 1320 1353 1368 in
1372 1318 1461 1369 Cutili-

171 1389 242 1437 nurio
261 1387 322 1452 (51,
341 1387 405 1451 15):
430 1387 554 1449 Equidem
573 1401 621 1452 ego
639 1387 678 1436 sio
695 1387 813 1436 existimo
831 1393 915 1452 putres
930 1387 1075 1452 conscripti.
1112 1387 1227 1447 Quodsi
1247 1398 1314 1438 esset
1331 1390 1460 1454 composi-

170 1465 222 1506 tum
242 1457 359 1520 equidem
375 1457 407 1504 ob
427 1470 457 1504 eo
477 1455 546 1520 quod
564 1466 603 1505 est
621 1472 669 1523 ego
687 1456 799 1519 quidem.
819 1464 953 1520 postquam
969 1455 1087 1518 equidem
1106 1457 1227 1521 dixisset,
1247 1471 1295 1521 ego
1312 1472 1361 1506 nou
1380 1459 1460 1509 udde-

170 1535 216 1578 ret.
245 1527 336 1591 [ncipit
355 1525 410 1574 tit.
429 1524 488 1589 XVl
507 1525 539 1574 de
560 1526 745 1578 coniunctione.
775 1525 893 1575 Heidelb.
916 1534 980 1576 tecte
1002 1526 1096 1589 hired,
1119 1528 1189 1576 cuius
1209 1527 1401 1578 momentum
1425 1545 1461 1580 eo:

169 1596 213 1645 lib.
232 1594 289 1644 XVl
308 1599 324 1658 s
346 1596 375 1644 tt
391 1594 504 1644 tomum
520 1602 567 1645 ert.
