3352 5490
695 380 902 445 PRAEFATIO
1392 389 1451 436 l'ssll

154 565 214 629 ille
235 565 374 629 alieuius
396 563 567 629 Krehliani
590 563 759 647 librarius,
781 566 838 651 qui
853 567 938 629 inter
953 565 1060 651 ipsum
1078 563 1286 630 describendi
1308 561 1451 628 officium

155 669 330 753 suspirans
352 667 433 730 ‘ach
458 665 560 730 Got!’
583 668 773 757 appinxisse
796 676 954 735 narratur.

245 767 318 852 Ego
340 791 419 832 vero
439 768 526 854 quod
543 768 627 832 hane
648 778 812 832 extremae
834 767 929 831 huius
948 770 1053 854 partis
1072 768 1308 834 ordinationem
1327 787 1347 830 a
1364 766 1450 831 Pris-

157 874 254 934 ciano
274 869 455 933 institutam
477 871 682 951 invenerim,
695 893 760 935 non
782 870 822 935 ob
845 872 950 956 ipsam
971 869 1055 934 hanc
1078 893 1145 936 rem
1169 892 1248 933 sane
1269 869 1348 933 satis
1372 869 1450 932 levi·

158 972 295 1037 densam
324 979 531 1058 perspectam
558 971 706 1057 gaudeo,
736 970 794 1035 sed
820 971 965 1055 gaudeo,
993 971 1079 1058 quod
1110 972 1185 1036 inde
1215 972 1299 1049 vidi,
1323 993 1395 1035 eam
1417 971 1451 1035 in

99 1102 105 1111 ·
158 1075 330 1138 Prisciano
361 1072 562 1138 recensendo
595 1083 691 1159 atque
728 1072 931 1137 emendando
965 1074 1140 1153 rationem,
1173 1094 1268 1159 quam
1300 1071 1450 1158 equidem

158 1184 292 1239 secutus
314 1196 402 1257 sum,
430 1176 529 1239 unice
548 1195 659 1238 veram
686 1195 768 1237 esse.
812 1196 888 1238 nam
915 1184 951 1238 ut
980 1173 1035 1238 illa
1055 1174 1125 1256 lex,
1150 1197 1247 1260 quma
1274 1173 1317 1237 ad
1343 1175 1450 1259 ipsum

159 1276 589 1375 Priscianumtreferendum
610 1297 681 1340 esse
699 1275 872 1339 nemodum
891 1276 1037 1361 negabit,
1057 1278 1232 1363 perspicue
1248 1284 1322 1339 ante
1338 1275 1449 1338 oculos

158 1380 269 1465 posita
291 1378 350 1459 sit,
372 1376 407 1441 id
426 1399 465 1442 eo
487 1377 614 1442 demum
632 1377 781 1441 effectum
806 1386 871 1460 est,
894 1378 981 1464 quod
998 1378 1147 1464 equidem
1166 1378 1295 1442 nonnisi
1319 1376 1373 1456 Ὠ.
1387 1375 1450 1439 S'r.

158 1482 205 1544 1).
228 1479 280 1542 F.’
304 1501 377 1543 esse
398 1480 528 1564 putavi,
551 1480 585 1543 id
607 1481 763 1567 estquod
784 1488 932 1543 veterum
955 1501 993 1543 ae
1014 1479 1152 1544 fidorum
1171 1479 1318 1543 codicum
1340 1500 1451 1541 manu·

159 1581 355 1667 scrIptorum
376 1582 602 1645 auctoritatem
625 1591 756 1646 secutus
786 1603 960 1668 eorumque
978 1581 1152 1645 lectionem
1172 1580 1224 1644 vel
1247 1580 1452 1665 corruptissi-

161 1705 249 1748 mam
272 1682 493 1746 emendationi
522 1682 769 1747 fundamentum
798 1683 1008 1764 substruens,
1038 1683 1133 1746 codd.
1156 1682 1333 1746 deteriores
1355 1691 1452 1767 atque

162 1785 325 1849 editiones
369 1784 410 1847 ad
428 1784 631 1847 emendanda
649 1785 779 1871 quidem
803 1786 945 1848 auctoris
970 1785 1073 1849 verba
1097 1785 1130 1848 iu
1152 1783 1312 1847 auxilium
1334 1784 1452 1847 vocavi
1495 1808 1499 1825 ·

158 1896 260 1973 atque
281 1885 369 1950 haud
389 1907 494 1971 pauca
521 1895 611 1950 reete
634 1887 769 1950 inventa
794 1885 869 1949 iude
893 1886 1097 1972 deprompsi,
1128 1908 1239 1949 omues
1261 1905 1340 1950 vero
1364 1885 1453 1948 lecti·

160 2010 258 2068 oues,
282 2009 365 2074 quae
380 2009 469 2051 mero
487 1988 622 2052 arbitrio
639 1989 799 2074 originem
815 1988 952 2070 debent,
968 1988 1127 2074 imprimis
1143 1994 1346 2050 constantem
1362 1984 1452 2048 illam

159 2089 305 2154 locorum
323 2088 524 2154 Graecorum
545 2088 847 2176 interpolationem,
871 2111 954 2176 quae
977 2111 1089 2154 omnes
1104 2089 1271 2174 hucusque
1293 2087 1452 2152 editiones

159 2190 235 2276 plus
255 2193 362 2255 minus
384 2191 569 2278 inquinavit
588 2213 715 2278 quaque
737 2192 790 2257 vel
814 2191 1023 2277 Spengelius,
1047 2191 1180 2254 criticus
1208 2189 1451 2274 sagacissimus,

159 2285 357 2375 aliquotiens
387 2293 512 2380 imponi
547 2293 610 2357 sibi
641 2315 757 2378 passus
784 2301 850 2373 est,
884 2295 955 2356 sinc
988 2291 1056 2355 ulla
1086 2291 1302 2356 haesitatione
1335 2290 1451 2354 abieci.

67 2425 76 2438 ·
160 2416 238 2458 nam
253 2392 287 2457 id
301 2414 379 2457 mox
396 2402 602 2480 perspectum
620 2393 796 2469 habebam,
815 2393 994 2458 editoribus
1011 2394 1054 2457 ad
1068 2416 1168 2457 unum
1184 2393 1334 2458 omnibus
1350 2392 1452 2457 libros

161 2517 289 2576 eorum,
313 2495 368 2580 qui
390 2494 487 2559 hodie
510 2491 703 2582 superstites
723 2503 813 2577 sunt,
836 2497 967 2583 optimis
989 2495 1139 2560 meliores
1162 2503 1250 2559 certe
1272 2494 1313 2558 ad
1336 2515 1452 2557 manus

160 2621 227 2662 nou
247 2596 366 2679 fuisse,
394 2598 492 2661 immo
515 2595 666 2675 lacunas,
696 2618 777 2681 quas
799 2619 858 2683 per
877 2597 967 2663 locos
988 2597 1133 2662 Graecos
1157 2598 1191 2660 in
1210 2619 1288 2660 mss.
1313 2598 1380 2659 suis
1404 2597 1451 2659 in·

161 2700 350 2780 venissent,
380 2696 588 2762 lemmatibus
608 2697 782 2761 arbitrarie
805 2699 900 2762 etad
923 2699 1116 2762 Latinorum
1135 2698 1326 2784 plerumque
1346 2719 1453 2760 exem·

160 2798 288 2885 plorum
304 2822 377 2863 eum
398 2800 438 2862 iis
459 2799 703 2864 coniunctorum
719 2800 821 2864 verba
835 2799 994 2892 conffetis
1015 2798 1272 2884 vulgaribusque
1294 2796 1453 2882 exemplis

162 2901 283 2964 additis
299 2899 397 2965 abiis
414 2921 486 2964 esse
503 2900 661 2987 expletas.
698 2900 761 2964 duo
779 2909 905 2963 tantum
926 2909 1002 2964 sunt
1020 2900 1098 2979 loci,
1121 2901 1177 2986 qui
1194 2921 1236 2963 ex
1253 2897 1454 2985 plenioribus

163 3002 301 3065 fortasse
319 3022 395 3065 mss.
416 3000 548 3066 deducti
578 3024 650 3066 esse
683 3002 867 3067 videantur.
912 3023 1048 3088 quorum
1073 3002 1171 3073 alter,
1195 3000 1282 3063 Isaei
1305 2998 1396 3062 locus
1420 3000 1454 3062 in

163 3103 250 3166 lsaei
270 3101 472 3167 orationibus
496 3103 727 3190 superstitibus
750 3124 816 3167 non
839 3111 1002 3185 servatus,
1025 3125 1119 3190 quem
1141 3102 1265 3167 Aldina
1284 3100 1384 3165 editio
1406 3110 1454 3164 at·

161 3203 237 3267 tulit
271 3202 344 3287 (lib.
372 3202 492 3267 XVIII
515 3207 535 3283 ξ
559 3206 643 3292 158),
678 3228 720 3269 ex
750 3204 850 3269 Suida
887 3205 992 3289 possit
1024 3216 1112 3269 certe
1144 3204 1334 3290 desumptus
1363 3225 1453 3286 essc;

163 3304 392 3391 Xenophontis
414 3327 492 3369 vero
515 3303 760 3370 Hellenieorum
787 3305 893 3388 loeus,
926 3307 1036 3392 quiin
1058 3306 1110 3370 ed.
1132 3305 1293 3370 Venetam
1316 3327 1346 3369 a.
1373 3309 1452 3368 1492

163 3407 304 3470 insertus
328 3414 387 3486 est,
411 3405 467 3469 lib.
483 3405 602 3470 XVIII
622 3409 729 3487 §200,
752 3407 904 3474 imdceim
926 3409 1021 3472 annis
1042 3417 1118 3472 ante
1134 3429 1231 3495 quam
1253 3407 1325 3492 ipsa
1347 3405 1454 3470 Ilelle·

162 3508 238 3570 nica
257 3507 347 3593 typis
369 3507 648 3586 describerentur,
679 3529 721 3572 ex
743 3508 815 3573 cod.
838 3509 1082 3573 Hellenieorum
1104 3532 1163 3573 ms.
1191 3508 1337 3594 depromi
1366 3518 1453 3572 certe

161 3609 282 3694 potuit,
306 3629 500 3694 quamquam
519 3608 656 3673 lacunae
678 3608 828 3673 alieuius'
842 3611 877 3674 in
895 3610 1065 3674 Prisciano
1087 3620 1164 3674 nota
1179 3611 1211 3675 h.
1229 3610 1251 3675 l.
1268 3632 1309 3674 ne
1333 3611 1453 3674 nostris

162 3710 294 3794 quidem
311 3709 404 3774 libris
418 3713 548 3775 omnino
562 3709 664 3775 deest.
689 3720 723 3774 at
740 3711 891 3797 exempla
903 3711 983 3776 hacc
997 3713 1094 3798 plane
1107 3712 1302 3794 singularia,
1315 3711 1454 3792 etiamsi,

162 3810 248 3896 quod
272 3811 307 3874 in
328 3810 595 3875 adnotationibus
615 3813 658 3876 ad
679 3814 737 3878 hos
757 3812 846 3876 locos
865 3815 1057 3899 conscriptis
1080 3816 1178 3876 nimis
1201 3813 1340 3877 fortasse
1361 3833 1454 3898 prae-

162 3913 266 3976 fracte
292 3912 428 3994 negavi,
460 3912 502 3975 ad
523 3934 602 3977 mss.
625 3913 833 3978 Priscianees
854 3937 919 3979 uno
943 3914 1087 3979 alterove
1115 3914 1185 3978 loco
1208 3914 1371 4000 pleniores
1398 3934 1453 3976 eos

161 4013 304 4093 referas,
326 4013 454 4077 etiamsi
474 4034 572 4077 unum
596 4015 777 4080 alterumve
800 4015 915 4079 iisdem
938 4014 1124 4079 addendum
1147 4036 1218 4078 esse
1242 4037 1284 4077 ex
1305 4014 1455 4097 vestigiis

162 4114 362 4177 tenuissimis
381 4123 414 4176 et
428 4136 480 4178 me
495 4116 602 4180 iudice
616 4116 790 4181 fallacibus
808 4116 1003 4196 contendas,
1017 4139 1148 4181 normae
1163 4115 1309 4200 generali
1326 4137 1345 4176 a
1359 4112 1454 4177 nobis

161 4214 346 4300 propositae
378 4224 411 4278 et
443 4216 516 4302 ipso
548 4216 603 4281 illo
633 4216 747 4282 ordine
777 4217 981 4305 alphabetico
1016 4220 1166 4280 restituto
1199 4214 1355 4300 probatae
1388 4236 1454 4277 uon

163 4315 328 4378 officiunt:
348 4317 508 4401 quomodo
528 4327 675 4382 veterum
695 4318 824 4385 illorum
845 4318 1004 4382 editorum
1022 4319 1272 4401 sagacissimus,
1295 4315 1454 4380 Aldinum

163 4416 251 4494 dieo,
275 4438 342 4479 rem
364 4417 544 4482 absolverit
564 4428 668 4504 patet,
698 4421 725 4484 si
748 4431 928 4484 extremam
950 4418 1070 4482 laboris
1098 4420 1167 4481 eius
1187 4426 1313 4503 partem
1337 4417 1413 4482 inde
1434 4440 1454 4481 a

164 4517 219 4581 lib.
243 4517 363 4582 XVIII
386 4523 406 4599 ,ξ
428 4520 505 4600 252,
532 4519 589 4583 ubi
609 4521 773 4605 perbonus
802 4521 887 4585 liber
908 4519 1072 4599 Gallicus,
1105 4540 1167 4604 quo
1191 4540 1229 4582 eo
1250 4541 1352 4605 usque
1375 4542 1454 4583 usus

164 4627 247 4698 crat,
281 4641 357 4683 eum
391 4619 529 4702 defecit,
563 4642 636 4684 eum
664 4621 935 4708 praecedentibus
963 4641 1148 4705 compares:
1184 4630 1350 4685 extremae
1378 4620 1454 4684 huie

164 4720 246 4802 parti
268 4719 345 4784 libri
371 4720 528 4806 imprImis
551 4721 753 4808 Scaligerani
779 4722 953 4787 collatione
983 4721 1157 4806 diligenter
1185 4722 1334 4787 adhibita
1359 4744 1453 4807 opem

164 4819 272 4887 attulit
292 4819 409 4885 Helias
431 4820 617 4887 Putsehius.
661 4822 780 4912 quodsi
801 4824 902 4910 igitur
924 4824 994 4888 iure
1016 4845 1076 4888 suo
1098 4823 1273 4890 Dobraeus
1296 4823 1339 4887 sd
1360 4824 1454 4892 Aris·
