<?xml version="1.0" encoding="UTF-8"?>
<!DOCTYPE html PUBLIC "-//W3C//DTD XHTML 1.0 Transitional//EN"
    "http://www.w3.org/TR/xhtml1/DTD/xhtml1-transitional.dtd">
<html xmlns="http://www.w3.org/1999/xhtml" xml:lang="en" lang="en">
 <head>
  <title>
</title>
<meta http-equiv="Content-Type" content="text/html;charset=utf-8" />
  <meta name='ocr-system' content='tesseract 3.04.00' />
  <meta name='ocr-capabilities' content='ocr_page ocr_carea ocr_par ocr_line ocrx_word'/>
</head>
<body>
  <div class='ocr_page' id='page_1' title='image "./grammaticilatin07keilgoog_0512.png"; bbox 0 0 3352 5490; ppageno 0'>
   <div class='ocr_carea' id='block_1_1' title="bbox 399 334 1440 434">
    <p class='ocr_par' dir='ltr' id='par_1_1' title="bbox 399 334 1440 434">
     <span class='ocr_line' id='line_1_1' title="bbox 399 334 1440 434; baseline 0 -38"><span class='ocrx_word' id='word_1_1' title='bbox 399 335 647 434; x_wconf 69' lang='lat' dir='ltr'><strong>PdelTlONES</strong></span> <span class='ocrx_word' id='word_1_2' title='bbox 670 334 722 397; x_wconf 77' lang='lat' dir='ltr'><strong>Xll</strong></span> <span class='ocrx_word' id='word_1_3' title='bbox 746 334 852 395; x_wconf 77' lang='lat' dir='ltr'><strong>VERS.</strong></span> <span class='ocrx_word' id='word_1_4' title='bbox 876 335 958 396; x_wconf 73' lang='lat' dir='ltr'><strong>AEN.</strong></span> <span class='ocrx_word' id='word_1_5' title='bbox 981 335 1043 396; x_wconf 92' lang='lat' dir='ltr'><strong>llll.</strong></span> <span class='ocrx_word' id='word_1_6' title='bbox 1063 345 1172 399; x_wconf 76' lang='lat'>83-91</span> <span class='ocrx_word' id='word_1_7' title='bbox 1241 391 1246 402; x_wconf 88' lang='grc'><em>,</em></span> <span class='ocrx_word' id='word_1_8' title='bbox 1379 334 1440 396; x_wconf 77' lang='grc' dir='ltr'><strong>4ῖ9</strong></span> 
     </span>
    </p>
   </div>
   <div class='ocr_carea' id='block_1_2' title="bbox 147 448 1440 598">
    <p class='ocr_par' dir='ltr' id='par_1_2' title="bbox 147 448 1440 598">
     <span class='ocr_line' id='line_1_2' title="bbox 199 448 1391 502; baseline -0.001 -11"><span class='ocrx_word' id='word_1_9' title='bbox 199 450 376 502; x_wconf 54' lang='lat' dir='ltr'><strong>araturae.</strong></span> <span class='ocrx_word' id='word_1_10' title='bbox 513 494 515 498; x_wconf 50' lang='grc'>,</span> <span class='ocrx_word' id='word_1_11' title='bbox 1227 448 1391 500; x_wconf 52' lang='lat' dir='ltr'><strong>pataria.</strong></span> 
     </span>
     <span class='ocr_line' id='line_1_3' title="bbox 147 520 1440 598; baseline 0.001 -17"><span class='ocrx_word' id='word_1_12' title='bbox 147 521 344 581; x_wconf 89' lang='lat' dir='ltr'><strong>inveniuntur.</strong></span> <span class='ocrx_word' id='word_1_13' title='bbox 389 529 435 581; x_wconf 91' lang='lat' dir='ltr'><strong>est</strong></span> <span class='ocrx_word' id='word_1_14' title='bbox 462 528 559 581; x_wconf 90' lang='lat' dir='ltr'><strong>autem</strong></span> <span class='ocrx_word' id='word_1_15' title='bbox 582 521 640 580; x_wconf 87' lang='lat' dir='ltr'><strong>hee</strong></span> <span class='ocrx_word' id='word_1_16' title='bbox 663 539 784 591; x_wconf 86' lang='lat' dir='ltr'><strong>namen,</strong></span> <span class='ocrx_word' id='word_1_17' title='bbox 813 520 842 579; x_wconf 92' lang='lat' dir='ltr'><strong>id</strong></span> <span class='ocrx_word' id='word_1_18' title='bbox 862 528 905 580; x_wconf 88' lang='lat' dir='ltr'><strong>est</strong></span> <span class='ocrx_word' id='word_1_19' title='bbox 928 539 977 580; x_wconf 85' lang='lat' dir='ltr'><strong>rex</strong></span> <span class='ocrx_word' id='word_1_20' title='bbox 1000 529 1029 580; x_wconf 87' lang='lat' dir='ltr'><strong>et</strong></span> <span class='ocrx_word' id='word_1_21' title='bbox 1049 521 1163 597; x_wconf 76' lang='lat' dir='ltr'><strong>regina,</strong></span> <span class='ocrx_word' id='word_1_22' title='bbox 1187 521 1317 589; x_wconf 86' lang='lat' dir='ltr'><strong>verbale,</strong></span> <span class='ocrx_word' id='word_1_23' title='bbox 1338 523 1440 598; x_wconf 82' lang='lat' dir='ltr'><strong>qvviaa</strong></span> 
     </span>
    </p>
   </div>
   <div class='ocr_carea' id='block_1_3' title="bbox 72 621 1496 4249">
    <p class='ocr_par' dir='ltr' id='par_1_3' title="bbox 115 621 1493 1510">
     <span class='ocr_line' id='line_1_4' title="bbox 148 621 1440 702; baseline 0 -20"><span class='ocrx_word' id='word_1_24' title='bbox 148 623 235 682; x_wconf 85' lang='lat' dir='ltr'><strong>verbo</strong></span> <span class='ocrx_word' id='word_1_25' title='bbox 257 622 396 681; x_wconf 87' lang='lat' dir='ltr'><strong>nascitur.</strong></span> <span class='ocrx_word' id='word_1_26' title='bbox 442 642 477 682; x_wconf 90' lang='lat' dir='ltr'><strong>ex</strong></span> <span class='ocrx_word' id='word_1_27' title='bbox 499 623 556 682; x_wconf 87' lang='lat' dir='ltr'><strong>hoe</strong></span> <span class='ocrx_word' id='word_1_28' title='bbox 575 629 672 681; x_wconf 83' lang='lat' dir='ltr'><strong>tamen</strong></span> <span class='ocrx_word' id='word_1_29' title='bbox 695 640 811 698; x_wconf 74' lang='lat' dir='ltr'><strong>alnoque</strong></span> <span class='ocrx_word' id='word_1_30' title='bbox 833 625 865 682; x_wconf 84' lang='lat' dir='ltr'><strong>tu</strong></span> <span class='ocrx_word' id='word_1_31' title='bbox 881 621 1001 682; x_wconf 85' lang='lat' dir='ltr'><strong>verbnm</strong></span> <span class='ocrx_word' id='word_1_32' title='bbox 1023 621 1285 702; x_wconf 81' lang='lat' dir='ltr'><strong>denominativum,</strong></span> <span class='ocrx_word' id='word_1_33' title='bbox 1311 623 1338 680; x_wconf 90' lang='lat' dir='ltr'><strong>id</strong></span> <span class='ocrx_word' id='word_1_34' title='bbox 1362 633 1440 682; x_wconf 88' lang='lat' dir='ltr'><strong>esta</strong></span> 
     </span>
     <span class='ocr_line' id='line_1_5' title="bbox 148 721 1493 801; baseline 0.001 -19"><span class='ocrx_word' id='word_1_35' title='bbox 148 724 265 783; x_wconf 85' lang='lat' dir='ltr'><strong>narniae</strong></span> <span class='ocrx_word' id='word_1_36' title='bbox 281 723 459 795; x_wconf 73' lang='lat' dir='ltr'><strong>(levitatum,</strong></span> <span class='ocrx_word' id='word_1_37' title='bbox 480 742 570 799; x_wconf 80' lang='lat' dir='ltr'><strong>regno</strong></span> <span class='ocrx_word' id='word_1_38' title='bbox 593 741 699 800; x_wconf 83' lang='lat' dir='ltr'><strong>regnas</strong></span> <span class='ocrx_word' id='word_1_39' title='bbox 719 729 829 799; x_wconf 83' lang='lat' dir='ltr'><strong>regnat.</strong></span> <span class='ocrx_word' id='word_1_40' title='bbox 876 722 969 792; x_wconf 74' lang='lat' dir='ltr'><strong>Quale</strong></span> <span class='ocrx_word' id='word_1_41' title='bbox 990 721 1056 782; x_wconf 81' lang='lat' dir='ltr'><strong>est?</strong></span> <span class='ocrx_word' id='word_1_42' title='bbox 1084 722 1303 800; x_wconf 75' lang='lat' dir='ltr'><strong>appellativum,</strong></span> <span class='ocrx_word' id='word_1_43' title='bbox 1325 725 1441 801; x_wconf 83' lang='lat' dir='ltr'><strong>generis</strong></span> <span class='ocrx_word' id='word_1_44' title='bbox 1458 738 1493 790; x_wconf 79' lang='lat'><strong>88</strong></span> 
     </span>
     <span class='ocr_line' id='line_1_6' title="bbox 148 821 1443 901; baseline -0.002 -16"><span class='ocrx_word' id='word_1_45' title='bbox 148 825 294 896; x_wconf 81' lang='lat' dir='ltr'><strong>feminini,</strong></span> <span class='ocrx_word' id='word_1_46' title='bbox 319 825 430 884; x_wconf 86' lang='lat' dir='ltr'><strong>numeri</strong></span> <span class='ocrx_word' id='word_1_47' title='bbox 458 824 627 900; x_wconf 72' lang='lat' dir='ltr'><strong>singulariS,</strong></span> <span class='ocrx_word' id='word_1_48' title='bbox 652 826 763 900; x_wconf 82' lang='lat' dir='ltr'><strong>tigurae</strong></span> <span class='ocrx_word' id='word_1_49' title='bbox 786 821 941 901; x_wconf 79' lang='lat' dir='ltr'><strong>simplicis,</strong></span> <span class='ocrx_word' id='word_1_50' title='bbox 967 841 1054 884; x_wconf 86' lang='lat' dir='ltr'><strong>casus</strong></span> <span class='ocrx_word' id='word_1_51' title='bbox 1078 824 1124 882; x_wconf 82' lang='lat' dir='ltr'><strong>laic</strong></span> <span class='ocrx_word' id='word_1_52' title='bbox 1147 825 1329 894; x_wconf 84' lang='lat' dir='ltr'><strong>nominativi,</strong></span> <span class='ocrx_word' id='word_1_53' title='bbox 1353 825 1443 885; x_wconf 86' lang='lat' dir='ltr'><strong>deeli-</strong></span> 
     </span>
     <span class='ocr_line' id='line_1_7' title="bbox 127 908 1443 1004; baseline 0.002 -20"><span class='ocrx_word' id='word_1_54' title='bbox 127 926 276 985; x_wconf 82' lang='lat' dir='ltr'><strong>5nati0nis</strong></span> <span class='ocrx_word' id='word_1_55' title='bbox 300 925 420 1004; x_wconf 89' lang='lat' dir='ltr'><strong>primae.</strong></span> <span class='ocrx_word' id='word_1_56' title='bbox 466 927 548 994; x_wconf 79' lang='lat' dir='ltr'><strong>Quae</strong></span> <span class='ocrx_word' id='word_1_57' title='bbox 569 925 686 984; x_wconf 87' lang='lat' dir='ltr'><strong>nemina</strong></span> <span class='ocrx_word' id='word_1_58' title='bbox 707 943 741 983; x_wconf 84' lang='lat' dir='ltr'><strong>ex</strong></span> <span class='ocrx_word' id='word_1_59' title='bbox 763 942 798 983; x_wconf 86' lang='lat' dir='ltr'><strong>ea</strong></span> <span class='ocrx_word' id='word_1_60' title='bbox 826 908 1003 996; x_wconf 69' lang='lat' dir='ltr'><strong>derivantur,</strong></span> <span class='ocrx_word' id='word_1_61' title='bbox 1024 924 1081 983; x_wconf 82' lang='lat' dir='ltr'><strong>lane</strong></span> <span class='ocrx_word' id='word_1_62' title='bbox 1101 935 1183 987; x_wconf 80' lang='lat' dir='ltr'><strong>esta</strong></span> <span class='ocrx_word' id='word_1_63' title='bbox 1207 925 1296 1003; x_wconf 82' lang='lat' dir='ltr'><strong>rege?</strong></span> <span class='ocrx_word' id='word_1_64' title='bbox 1335 925 1443 1002; x_wconf 84' lang='lat' dir='ltr'><strong>Regius</strong></span> 
     </span>
     <span class='ocr_line' id='line_1_8' title="bbox 148 1002 1444 1104; baseline 0.002 -19"><span class='ocrx_word' id='word_1_65' title='bbox 148 1035 176 1085; x_wconf 90' lang='lat' dir='ltr'><strong>et</strong></span> <span class='ocrx_word' id='word_1_66' title='bbox 198 1027 313 1104; x_wconf 83' lang='lat' dir='ltr'><strong>regalis.</strong></span> <span class='ocrx_word' id='word_1_67' title='bbox 360 1025 396 1085; x_wconf 83' lang='lat' dir='ltr'><strong>Et</strong></span> <span class='ocrx_word' id='word_1_68' title='bbox 425 1025 493 1102; x_wconf 86' lang='lat' dir='ltr'><strong>quid</strong></span> <span class='ocrx_word' id='word_1_69' title='bbox 521 1025 643 1085; x_wconf 84' lang='lat' dir='ltr'><strong>interest</strong></span> <span class='ocrx_word' id='word_1_70' title='bbox 671 1026 748 1085; x_wconf 86' lang='lat' dir='ltr'><strong>inter</strong></span> <span class='ocrx_word' id='word_1_71' title='bbox 774 1026 873 1102; x_wconf 84' lang='lat' dir='ltr'><strong>regius</strong></span> <span class='ocrx_word' id='word_1_72' title='bbox 895 1035 925 1085; x_wconf 88' lang='lat' dir='ltr'><strong>et</strong></span> <span class='ocrx_word' id='word_1_73' title='bbox 943 1024 1070 1103; x_wconf 79' lang='lat' dir='ltr'><strong>regalis?</strong></span> <span class='ocrx_word' id='word_1_74' title='bbox 1103 1002 1444 1104; x_wconf 72' lang='lat' dir='ltr'><strong>ltegius1mssessirnrl1,</strong></span> 
     </span>
     <span class='ocr_line' id='line_1_9' title="bbox 147 1125 1442 1205; baseline 0.001 -18"><span class='ocrx_word' id='word_1_75' title='bbox 147 1127 254 1204; x_wconf 88' lang='lat' dir='ltr'><strong>regalis</strong></span> <span class='ocrx_word' id='word_1_76' title='bbox 274 1146 341 1187; x_wconf 86' lang='lat' dir='ltr'><strong>vero</strong></span> <span class='ocrx_word' id='word_1_77' title='bbox 361 1127 395 1186; x_wconf 93' lang='lat' dir='ltr'><strong>ad</strong></span> <span class='ocrx_word' id='word_1_78' title='bbox 415 1125 617 1192; x_wconf 74' lang='lat' dir='ltr'><strong>claritudinem</strong></span> <span class='ocrx_word' id='word_1_79' title='bbox 635 1127 775 1205; x_wconf 74' lang='lat' dir='ltr'><strong>pertinet,</strong></span> <span class='ocrx_word' id='word_1_80' title='bbox 798 1126 826 1186; x_wconf 88' lang='lat' dir='ltr'><strong>id</strong></span> <span class='ocrx_word' id='word_1_81' title='bbox 850 1136 895 1185; x_wconf 86' lang='lat' dir='ltr'><strong>est</strong></span> <span class='ocrx_word' id='word_1_82' title='bbox 917 1126 1023 1204; x_wconf 83' lang='lat' dir='ltr'><strong>dignus</strong></span> <span class='ocrx_word' id='word_1_83' title='bbox 1045 1146 1123 1203; x_wconf 74' lang='lat' dir='ltr'><strong>rege.</strong></span> <span class='ocrx_word' id='word_1_84' title='bbox 1165 1126 1217 1186; x_wconf 88' lang='lat' dir='ltr'><strong>ltie</strong></span> <span class='ocrx_word' id='word_1_85' title='bbox 1241 1128 1442 1188; x_wconf 72' lang='lat' dir='ltr'><strong>diminutivum</strong></span> 
     </span>
     <span class='ocr_line' id='line_1_10' title="bbox 147 1221 1443 1307; baseline 0.002 -20"><span class='ocrx_word' id='word_1_86' title='bbox 147 1226 219 1288; x_wconf 80' lang='lat' dir='ltr'><strong>eius</strong></span> <span class='ocrx_word' id='word_1_87' title='bbox 255 1221 384 1304; x_wconf 83' lang='lat' dir='ltr'><strong>Regulus</strong></span> <span class='ocrx_word' id='word_1_88' title='bbox 402 1236 431 1287; x_wconf 94' lang='lat' dir='ltr'><strong>et</strong></span> <span class='ocrx_word' id='word_1_89' title='bbox 445 1228 580 1305; x_wconf 80' lang='lat' dir='ltr'><strong>regilius,</strong></span> <span class='ocrx_word' id='word_1_90' title='bbox 601 1245 675 1304; x_wconf 77' lang='lat' dir='ltr'><strong>quae</strong></span> <span class='ocrx_word' id='word_1_91' title='bbox 696 1228 783 1286; x_wconf 86' lang='lat' dir='ltr'><strong>etiam</strong></span> <span class='ocrx_word' id='word_1_92' title='bbox 805 1229 924 1306; x_wconf 87' lang='lat' dir='ltr'><strong>propria</strong></span> <span class='ocrx_word' id='word_1_93' title='bbox 948 1228 1143 1287; x_wconf 87' lang='lat' dir='ltr'><strong>inveniuntur.</strong></span> <span class='ocrx_word' id='word_1_94' title='bbox 1180 1229 1247 1287; x_wconf 88' lang='lat' dir='ltr'><strong>inde</strong></span> <span class='ocrx_word' id='word_1_95' title='bbox 1269 1238 1339 1307; x_wconf 87' lang='lat' dir='ltr'><strong>puto</strong></span> <span class='ocrx_word' id='word_1_96' title='bbox 1356 1230 1443 1289; x_wconf 85' lang='lat' dir='ltr'><strong>etiam</strong></span> 
     </span>
     <span class='ocr_line' id='line_1_11' title="bbox 147 1327 1444 1406; baseline 0 -18"><span class='ocrx_word' id='word_1_97' title='bbox 147 1329 278 1405; x_wconf 80' lang='lat' dir='ltr'><strong>regulam</strong></span> <span class='ocrx_word' id='word_1_98' title='bbox 296 1329 369 1401; x_wconf 87' lang='lat' dir='ltr'><strong>diei,</strong></span> <span class='ocrx_word' id='word_1_99' title='bbox 393 1327 449 1406; x_wconf 77' lang='lat' dir='ltr'><strong>‹jna</strong></span> <span class='ocrx_word' id='word_1_100' title='bbox 472 1346 610 1389; x_wconf 91' lang='lat' dir='ltr'><strong>mensura</strong></span> <span class='ocrx_word' id='word_1_101' title='bbox 633 1336 825 1406; x_wconf 77' lang='lat' dir='ltr'><strong>exaequatur,</strong></span> <span class='ocrx_word' id='word_1_102' title='bbox 849 1328 933 1404; x_wconf 87' lang='lat' dir='ltr'><strong>quasi</strong></span> <span class='ocrx_word' id='word_1_103' title='bbox 956 1347 1122 1400; x_wconf 74' lang='lat' dir='ltr'><strong>mensiuam</strong></span> <span class='ocrx_word' id='word_1_104' title='bbox 1140 1349 1255 1406; x_wconf 83' lang='lat' dir='ltr'><strong>regens.</strong></span> <span class='ocrx_word' id='word_1_105' title='bbox 1289 1329 1342 1391; x_wconf 86' lang='lat' dir='ltr'><strong>llic</strong></span> <span class='ocrx_word' id='word_1_106' title='bbox 1364 1349 1444 1389; x_wconf 88' lang='lat' dir='ltr'><strong>eum-</strong></span> 
     </span>
     <span class='ocr_line' id='line_1_12' title="bbox 115 1429 762 1510; baseline 0.005 -25"><span class='ocrx_word' id='word_1_107' title='bbox 115 1431 276 1510; x_wconf 81' lang='lat' dir='ltr'><strong>repositum</strong></span> <span class='ocrx_word' id='word_1_108' title='bbox 297 1450 331 1489; x_wconf 89' lang='lat' dir='ltr'><strong>ex</strong></span> <span class='ocrx_word' id='word_1_109' title='bbox 354 1449 398 1490; x_wconf 88' lang='lat' dir='ltr'><strong>eo.</strong></span> <span class='ocrx_word' id='word_1_110' title='bbox 443 1429 592 1503; x_wconf 77' lang='lat' dir='ltr'><strong>interrex,</strong></span> <span class='ocrx_word' id='word_1_111' title='bbox 616 1430 762 1506; x_wconf 77' lang='lat' dir='ltr'><strong>regiliens.</strong></span> 
     </span>
    </p>

    <p class='ocr_par' dir='ltr' id='par_1_4' title="bbox 149 1528 1493 1918">
     <span class='ocr_line' id='line_1_13' title="bbox 234 1528 1493 1610; baseline 0.002 -19"><span class='ocrx_word' id='word_1_112' title='bbox 234 1532 344 1591; x_wconf 83' lang='lat' dir='ltr'><strong>Gravi</strong></span> <span class='ocrx_word' id='word_1_113' title='bbox 367 1550 441 1608; x_wconf 71' lang='lat' dir='ltr'><strong>qliae</strong></span> <span class='ocrx_word' id='word_1_114' title='bbox 467 1549 534 1610; x_wconf 91' lang='lat' dir='ltr'><strong>pars</strong></span> <span class='ocrx_word' id='word_1_115' title='bbox 556 1529 698 1591; x_wconf 73' lang='lat' dir='ltr'><strong>erationis</strong></span> <span class='ocrx_word' id='word_1_116' title='bbox 719 1528 785 1590; x_wconf 76' lang='lat' dir='ltr'><strong>est?</strong></span> <span class='ocrx_word' id='word_1_117' title='bbox 807 1530 930 1591; x_wconf 85' lang='lat' dir='ltr'><strong>Nomen.</strong></span> <span class='ocrx_word' id='word_1_118' title='bbox 972 1528 1085 1601; x_wconf 77' lang='lat' dir='ltr'><strong>Quale?</strong></span> <span class='ocrx_word' id='word_1_119' title='bbox 1118 1532 1306 1592; x_wconf 80' lang='lat' dir='ltr'><strong>Adiectivum.</strong></span> <span class='ocrx_word' id='word_1_120' title='bbox 1352 1533 1493 1604; x_wconf 74' lang='lat' dir='ltr'><strong>Cuiussa</strong></span> 
     </span>
     <span class='ocr_line' id='line_1_14' title="bbox 149 1628 1444 1714; baseline 0.002 -23"><span class='ocrx_word' id='word_1_121' title='bbox 149 1630 278 1712; x_wconf 77' lang='lat' dir='ltr'><strong>speciei?</strong></span> <span class='ocrx_word' id='word_1_122' title='bbox 311 1632 489 1704; x_wconf 84' lang='lat' dir='ltr'><strong>l‘rimitivae,</strong></span> <span class='ocrx_word' id='word_1_123' title='bbox 522 1632 638 1710; x_wconf 79' lang='lat' dir='ltr'><strong>generis</strong></span> <span class='ocrx_word' id='word_1_124' title='bbox 661 1632 840 1705; x_wconf 81' lang='lat' dir='ltr'><strong>eovrnnnuis3</strong></span> <span class='ocrx_word' id='word_1_125' title='bbox 869 1632 967 1693; x_wconf 89' lang='lat' dir='ltr'><strong>omnia</strong></span> <span class='ocrx_word' id='word_1_126' title='bbox 987 1628 992 1714; x_wconf 79' lang='grc' dir='ltr'>Ι</span> <span class='ocrx_word' id='word_1_127' title='bbox 1012 1633 1089 1692; x_wconf 89' lang='lat' dir='ltr'><strong>enim</strong></span> <span class='ocrx_word' id='word_1_128' title='bbox 1113 1633 1251 1692; x_wconf 83' lang='lat' dir='ltr'><strong>adieetixa</strong></span> <span class='ocrx_word' id='word_1_129' title='bbox 1273 1636 1301 1694; x_wconf 94' lang='lat' dir='ltr'><strong>in</strong></span> <span class='ocrx_word' id='word_1_130' title='bbox 1323 1635 1347 1692; x_wconf 87' lang='lat' dir='ltr'><strong>is</strong></span> <span class='ocrx_word' id='word_1_131' title='bbox 1368 1635 1444 1694; x_wconf 86' lang='lat' dir='ltr'><strong>desi-</strong></span> 
     </span>
     <span class='ocr_line' id='line_1_15' title="bbox 150 1732 1445 1810; baseline 0.001 -17"><span class='ocrx_word' id='word_1_132' title='bbox 150 1734 248 1793; x_wconf 88' lang='lat' dir='ltr'><strong>nentia</strong></span> <span class='ocrx_word' id='word_1_133' title='bbox 271 1734 437 1794; x_wconf 85' lang='lat' dir='ltr'><strong>enrrrxnnnia</strong></span> <span class='ocrx_word' id='word_1_134' title='bbox 460 1741 528 1794; x_wconf 92' lang='lat' dir='ltr'><strong>sunt</strong></span> <span class='ocrx_word' id='word_1_135' title='bbox 553 1741 581 1792; x_wconf 91' lang='lat' dir='ltr'><strong>et</strong></span> <span class='ocrx_word' id='word_1_136' title='bbox 605 1732 632 1791; x_wconf 93' lang='lat' dir='ltr'><strong>in</strong></span> <span class='ocrx_word' id='word_1_137' title='bbox 652 1751 667 1791; x_wconf 90' lang='lat' dir='ltr'><strong>e</strong></span> <span class='ocrx_word' id='word_1_138' title='bbox 690 1733 972 1793; x_wconf 80' lang='lat' dir='ltr'><strong>faciunt-neutrum:</strong></span> <span class='ocrx_word' id='word_1_139' title='bbox 1006 1734 1119 1792; x_wconf 81' lang='lat' dir='ltr'><strong>narumri</strong></span> <span class='ocrx_word' id='word_1_140' title='bbox 1139 1734 1311 1810; x_wconf 79' lang='lat' dir='ltr'><strong>singularis,</strong></span> <span class='ocrx_word' id='word_1_141' title='bbox 1335 1738 1445 1810; x_wconf 70' lang='lat' dir='ltr'><strong>tigurae</strong></span> 
     </span>
     <span class='ocr_line' id='line_1_16' title="bbox 150 1833 1445 1918; baseline 0.003 -27"><span class='ocrx_word' id='word_1_142' title='bbox 150 1834 307 1914; x_wconf 70' lang='lat' dir='ltr'><strong>simplicis,</strong></span> <span class='ocrx_word' id='word_1_143' title='bbox 336 1854 422 1894; x_wconf 81' lang='lat' dir='ltr'><strong>rasus</strong></span> <span class='ocrx_word' id='word_1_144' title='bbox 450 1833 575 1894; x_wconf 83' lang='lat' dir='ltr'><strong>ablativi.</strong></span> <span class='ocrx_word' id='word_1_145' title='bbox 620 1833 716 1894; x_wconf 79' lang='lat' dir='ltr'><strong>arnaria</strong></span> <span class='ocrx_word' id='word_1_146' title='bbox 745 1834 820 1894; x_wconf 90' lang='lat' dir='ltr'><strong>euim</strong></span> <span class='ocrx_word' id='word_1_147' title='bbox 850 1853 939 1913; x_wconf 90' lang='lat' dir='ltr'><strong>supra</strong></span> <span class='ocrx_word' id='word_1_148' title='bbox 967 1833 1063 1918; x_wconf 84' lang='lat' dir='ltr'><strong>dietae</strong></span> <span class='ocrx_word' id='word_1_149' title='bbox 1092 1836 1203 1894; x_wconf 84' lang='lat' dir='ltr'><strong>turmae</strong></span> <span class='ocrx_word' id='word_1_150' title='bbox 1233 1836 1350 1896; x_wconf 78' lang='lat' dir='ltr'><strong>rxvxrnina</strong></span> <span class='ocrx_word' id='word_1_151' title='bbox 1381 1836 1409 1895; x_wconf 92' lang='lat' dir='ltr'><strong>in</strong></span> <span class='ocrx_word' id='word_1_152' title='bbox 1437 1836 1445 1895; x_wconf 91' lang='lat' dir='ltr'><strong>i</strong></span> 
     </span>
    </p>

    <p class='ocr_par' dir='ltr' id='par_1_5' title="bbox 72 1928 1445 2115">
     <span class='ocr_line' id='line_1_17' title="bbox 72 1928 1445 2014; baseline 0.005 -22"><span class='ocrx_word' id='word_1_153' title='bbox 72 1962 76 1971; x_wconf 77' lang='lat'>=</span> <span class='ocrx_word' id='word_1_154' title='bbox 116 1937 308 1996; x_wconf 76' lang='lat' dir='ltr'><strong>ratenniuant</strong></span> <span class='ocrx_word' id='word_1_155' title='bbox 326 1935 491 1996; x_wconf 83' lang='lat' dir='ltr'><strong>ablativum.</strong></span> <span class='ocrx_word' id='word_1_156' title='bbox 522 1928 593 1995; x_wconf 85' lang='lat' dir='ltr'><strong>¹Fae</strong></span> <span class='ocrx_word' id='word_1_157' title='bbox 616 1936 652 1994; x_wconf 82' lang='lat' dir='ltr'><strong>alx</strong></span> <span class='ocrx_word' id='word_1_158' title='bbox 675 1955 709 1995; x_wconf 89' lang='lat' dir='ltr'><strong>en</strong></span> <span class='ocrx_word' id='word_1_159' title='bbox 729 1935 927 1995; x_wconf 84' lang='lat' dir='ltr'><strong>derivativum.</strong></span> <span class='ocrx_word' id='word_1_160' title='bbox 974 1935 1093 1995; x_wconf 76' lang='lat' dir='ltr'><strong>Gravior</strong></span> <span class='ocrx_word' id='word_1_161' title='bbox 1114 1937 1303 2013; x_wconf 80' lang='lat' dir='ltr'><strong>gravissimus</strong></span> <span class='ocrx_word' id='word_1_162' title='bbox 1321 1937 1445 2014; x_wconf 80' lang='lat' dir='ltr'><strong>gravitas</strong></span> 
     </span>
     <span class='ocr_line' id='line_1_18' title="bbox 150 2035 1126 2115; baseline -0.002 -17"><span class='ocrx_word' id='word_1_163' title='bbox 150 2048 179 2098; x_wconf 86' lang='lat' dir='ltr'><strong>et</strong></span> <span class='ocrx_word' id='word_1_164' title='bbox 198 2038 325 2115; x_wconf 80' lang='lat' dir='ltr'><strong>gravida.</strong></span> <span class='ocrx_word' id='word_1_165' title='bbox 370 2037 439 2097; x_wconf 88' lang='lat' dir='ltr'><strong>lxinc</strong></span> <span class='ocrx_word' id='word_1_166' title='bbox 459 2046 488 2096; x_wconf 84' lang='lat' dir='ltr'><strong>et</strong></span> <span class='ocrx_word' id='word_1_167' title='bbox 508 2035 628 2115; x_wconf 83' lang='lat' dir='ltr'><strong>grandis</strong></span> <span class='ocrx_word' id='word_1_168' title='bbox 651 2045 680 2096; x_wconf 90' lang='lat' dir='ltr'><strong>et</strong></span> <span class='ocrx_word' id='word_1_169' title='bbox 702 2037 813 2113; x_wconf 86' lang='lat' dir='ltr'><strong>grando</strong></span> <span class='ocrx_word' id='word_1_170' title='bbox 836 2046 865 2097; x_wconf 88' lang='lat' dir='ltr'><strong>et</strong></span> <span class='ocrx_word' id='word_1_171' title='bbox 886 2036 1005 2097; x_wconf 88' lang='lat' dir='ltr'><strong>verbum</strong></span> <span class='ocrx_word' id='word_1_172' title='bbox 1027 2057 1126 2114; x_wconf 79' lang='lat' dir='ltr'><strong>gravo.</strong></span> 
     </span>
    </p>

    <p class='ocr_par' dir='ltr' id='par_1_6' title="bbox 150 2136 1496 2420">
     <span class='ocr_line' id='line_1_19' title="bbox 234 2136 1496 2218; baseline 0.001 -20"><span class='ocrx_word' id='word_1_173' title='bbox 234 2138 304 2198; x_wconf 91' lang='lat' dir='ltr'><strong>lam</strong></span> <span class='ocrx_word' id='word_1_174' title='bbox 328 2157 403 2216; x_wconf 82' lang='lat' dir='ltr'><strong>quae</strong></span> <span class='ocrx_word' id='word_1_175' title='bbox 425 2157 494 2217; x_wconf 88' lang='lat' dir='ltr'><strong>pars</strong></span> <span class='ocrx_word' id='word_1_176' title='bbox 517 2137 657 2198; x_wconf 86' lang='lat' dir='ltr'><strong>orationis</strong></span> <span class='ocrx_word' id='word_1_177' title='bbox 679 2136 744 2197; x_wconf 82' lang='lat' dir='ltr'><strong>est?</strong></span> <span class='ocrx_word' id='word_1_178' title='bbox 766 2138 950 2198; x_wconf 78' lang='lat' dir='ltr'><strong>adverbium.</strong></span> <span class='ocrx_word' id='word_1_179' title='bbox 993 2138 1070 2208; x_wconf 78' lang='lat' dir='ltr'><strong>Ouid</strong></span> <span class='ocrx_word' id='word_1_180' title='bbox 1094 2147 1138 2197; x_wconf 91' lang='lat' dir='ltr'><strong>est</strong></span> <span class='ocrx_word' id='word_1_181' title='bbox 1157 2136 1346 2199; x_wconf 74' lang='lat' dir='ltr'><strong>adverbium?</strong></span> <span class='ocrx_word' id='word_1_182' title='bbox 1375 2157 1443 2218; x_wconf 89' lang='lat' dir='ltr'><strong>pars</strong></span> <span class='ocrx_word' id='word_1_183' title='bbox 1462 2154 1496 2204; x_wconf 82' lang='lat' dir='ltr'><strong>nn</strong></span> 
     </span>
     <span class='ocr_line' id='line_1_20' title="bbox 150 2239 1444 2318; baseline -0.001 -18"><span class='ocrx_word' id='word_1_184' title='bbox 150 2240 291 2300; x_wconf 85' lang='lat' dir='ltr'><strong>arationis</strong></span> <span class='ocrx_word' id='word_1_185' title='bbox 324 2259 399 2317; x_wconf 86' lang='lat' dir='ltr'><strong>qnae</strong></span> <span class='ocrx_word' id='word_1_186' title='bbox 428 2239 540 2299; x_wconf 86' lang='lat' dir='ltr'><strong>adiecta</strong></span> <span class='ocrx_word' id='word_1_187' title='bbox 570 2239 658 2299; x_wconf 80' lang='lat' dir='ltr'><strong>verbu</strong></span> <span class='ocrx_word' id='word_1_188' title='bbox 688 2239 929 2316; x_wconf 80' lang='lat' dir='ltr'><strong>significationem</strong></span> <span class='ocrx_word' id='word_1_189' title='bbox 961 2240 1024 2299; x_wconf 90' lang='lat' dir='ltr'><strong>eius</strong></span> <span class='ocrx_word' id='word_1_190' title='bbox 1051 2239 1187 2318; x_wconf 81' lang='lat' dir='ltr'><strong>explanat</strong></span> <span class='ocrx_word' id='word_1_191' title='bbox 1214 2248 1301 2316; x_wconf 84' lang='lat' dir='ltr'><strong>atque</strong></span> <span class='ocrx_word' id='word_1_192' title='bbox 1334 2239 1444 2318; x_wconf 81' lang='lat' dir='ltr'><strong>implet</strong></span> 
     </span>
     <span class='ocr_line' id='line_1_21' title="bbox 151 2338 1446 2420; baseline 0.002 -21"><span class='ocrx_word' id='word_1_193' title='bbox 151 2344 229 2411; x_wconf 79' lang='lat' dir='ltr'><strong>erut</strong></span> <span class='ocrx_word' id='word_1_194' title='bbox 251 2341 387 2401; x_wconf 82' lang='lat' dir='ltr'><strong>aecidnnt</strong></span> <span class='ocrx_word' id='word_1_195' title='bbox 409 2338 566 2401; x_wconf 83' lang='lat' dir='ltr'><strong>adverbio?</strong></span> <span class='ocrx_word' id='word_1_196' title='bbox 609 2341 685 2400; x_wconf 83' lang='lat' dir='ltr'><strong>Tria.</strong></span> <span class='ocrx_word' id='word_1_197' title='bbox 726 2339 829 2409; x_wconf 79' lang='lat' dir='ltr'><strong>Quae?</strong></span> <span class='ocrx_word' id='word_1_198' title='bbox 871 2341 992 2420; x_wconf 88' lang='lat' dir='ltr'><strong>Species</strong></span> <span class='ocrx_word' id='word_1_199' title='bbox 1013 2341 1187 2418; x_wconf 86' lang='lat' dir='ltr'><strong>signitieatiu</strong></span> <span class='ocrx_word' id='word_1_200' title='bbox 1210 2341 1310 2417; x_wconf 81' lang='lat' dir='ltr'><strong>ligura.</strong></span> <span class='ocrx_word' id='word_1_201' title='bbox 1356 2340 1446 2402; x_wconf 65' lang='lat' dir='ltr'><strong>liuius</strong></span> 
     </span>
    </p>

    <p class='ocr_par' dir='ltr' id='par_1_7' title="bbox 116 2441 1447 2927">
     <span class='ocr_line' id='line_1_22' title="bbox 116 2441 1446 2523; baseline -0.002 -20"><span class='ocrx_word' id='word_1_202' title='bbox 116 2466 142 2504; x_wconf 77' lang='lat' dir='ltr'><strong>aa</strong></span> <span class='ocrx_word' id='word_1_203' title='bbox 153 2453 197 2503; x_wconf 87' lang='lat' dir='ltr'><strong>est</strong></span> <span class='ocrx_word' id='word_1_204' title='bbox 216 2441 346 2523; x_wconf 81' lang='lat' dir='ltr'><strong>speciei?</strong></span> <span class='ocrx_word' id='word_1_205' title='bbox 374 2443 553 2514; x_wconf 88' lang='lat' dir='ltr'><strong>Primitivae,</strong></span> <span class='ocrx_word' id='word_1_206' title='bbox 577 2441 798 2519; x_wconf 86' lang='lat' dir='ltr'><strong>signilieatinnis</strong></span> <span class='ocrx_word' id='word_1_207' title='bbox 817 2441 1002 2521; x_wconf 89' lang='lat' dir='ltr'><strong>temporalis,</strong></span> <span class='ocrx_word' id='word_1_208' title='bbox 1023 2444 1135 2519; x_wconf 77' lang='lat' dir='ltr'><strong>figauae</strong></span> <span class='ocrx_word' id='word_1_209' title='bbox 1157 2442 1309 2521; x_wconf 82' lang='lat' dir='ltr'><strong>simplicis.</strong></span> <span class='ocrx_word' id='word_1_210' title='bbox 1351 2441 1446 2511; x_wconf 79' lang='lat' dir='ltr'><strong>Quem</strong></span> 
     </span>
     <span class='ocr_line' id='line_1_23' title="bbox 151 2526 1445 2623; baseline -0.001 -19"><span class='ocrx_word' id='word_1_211' title='bbox 151 2526 239 2606; x_wconf 83' lang='lat' dir='ltr'><strong>trahet</strong></span> <span class='ocrx_word' id='word_1_212' title='bbox 268 2541 444 2604; x_wconf 82' lang='lat' dir='ltr'><strong>accentum?</strong></span> <span class='ocrx_word' id='word_1_213' title='bbox 483 2544 621 2612; x_wconf 73' lang='lat' dir='ltr'><strong>dramni,</strong></span> <span class='ocrx_word' id='word_1_214' title='bbox 651 2553 682 2603; x_wconf 89' lang='lat' dir='ltr'><strong>ut</strong></span> <span class='ocrx_word' id='word_1_215' title='bbox 712 2544 809 2603; x_wconf 77' lang='lat' dir='ltr'><strong>sirmia</strong></span> <span class='ocrx_word' id='word_1_216' title='bbox 838 2545 900 2603; x_wconf 91' lang='lat' dir='ltr'><strong>lere</strong></span> <span class='ocrx_word' id='word_1_217' title='bbox 927 2543 1127 2622; x_wconf 71' lang='lat' dir='ltr'><strong>monosyllaba</strong></span> <span class='ocrx_word' id='word_1_218' title='bbox 1155 2543 1367 2623; x_wconf 77' lang='lat' dir='ltr'><strong>praepositiva,</strong></span> <span class='ocrx_word' id='word_1_219' title='bbox 1389 2542 1445 2603; x_wconf 87' lang='lat' dir='ltr'><strong>nisi</strong></span> 
     </span>
     <span class='ocr_line' id='line_1_24' title="bbox 151 2638 1447 2727; baseline -0.002 -21"><span class='ocrx_word' id='word_1_220' title='bbox 151 2645 348 2727; x_wconf 60' lang='lat' dir='ltr'><strong>did&#39;elirentiae</strong></span> <span class='ocrx_word' id='word_1_221' title='bbox 368 2646 442 2706; x_wconf 89' lang='lat' dir='ltr'><strong>ratin</strong></span> <span class='ocrx_word' id='word_1_222' title='bbox 465 2645 633 2725; x_wconf 80' lang='lat' dir='ltr'><strong>prehibeat,</strong></span> <span class='ocrx_word' id='word_1_223' title='bbox 658 2652 689 2704; x_wconf 95' lang='lat' dir='ltr'><strong>nt</strong></span> <span class='ocrx_word' id='word_1_224' title='bbox 712 2664 765 2720; x_wconf 87' lang='lat' dir='ltr'><strong>ue,</strong></span> <span class='ocrx_word' id='word_1_225' title='bbox 787 2645 904 2723; x_wconf 90' lang='lat' dir='ltr'><strong>quaudo</strong></span> <span class='ocrx_word' id='word_1_226' title='bbox 919 2638 960 2721; x_wconf 79' lang='grc' dir='ltr'><strong>μή</strong></span> <span class='ocrx_word' id='word_1_227' title='bbox 975 2644 1134 2722; x_wconf 65' lang='lat' dir='ltr'><strong>signifieat,</strong></span> <span class='ocrx_word' id='word_1_228' title='bbox 1154 2653 1306 2721; x_wconf 62' lang='lat' dir='ltr'><strong>gravatum</strong></span> <span class='ocrx_word' id='word_1_229' title='bbox 1330 2644 1447 2721; x_wconf 81' lang='lat' dir='ltr'><strong>qaxaxnlu</strong></span> 
     </span>
     <span class='ocr_line' id='line_1_25' title="bbox 151 2731 1446 2823; baseline -0.002 -15"><span class='ocrx_word' id='word_1_230' title='bbox 151 2768 219 2810; x_wconf 85' lang='lat' dir='ltr'><strong>vere</strong></span> <span class='ocrx_word' id='word_1_231' title='bbox 240 2740 273 2807; x_wconf 78' lang='grc' dir='ltr'><strong>τὸ</strong></span> <span class='ocrx_word' id='word_1_232' title='bbox 286 2742 377 2821; x_wconf 77' lang='grc' dir='ltr'><em>πάνυ,</em></span> <span class='ocrx_word' id='word_1_233' title='bbox 398 2746 647 2808; x_wconf 82' lang='lat' dir='ltr'><strong>circumflectitur.</strong></span> <span class='ocrx_word' id='word_1_234' title='bbox 684 2747 742 2820; x_wconf 87' lang='lat' dir='ltr'><strong>sie,</strong></span> <span class='ocrx_word' id='word_1_235' title='bbox 764 2746 880 2823; x_wconf 86' lang='lat' dir='ltr'><strong>quaudo</strong></span> <span class='ocrx_word' id='word_1_236' title='bbox 904 2731 1101 2807; x_wconf 86' lang='lat' dir='ltr'><strong>similitudinis</strong></span> <span class='ocrx_word' id='word_1_237' title='bbox 1117 2754 1175 2819; x_wconf 83' lang='lat' dir='ltr'><strong>est,</strong></span> <span class='ocrx_word' id='word_1_238' title='bbox 1198 2746 1446 2820; x_wconf 75' lang='lat' dir='ltr'><strong>circumflectitur,</strong></span> 
     </span>
     <span class='ocr_line' id='line_1_26' title="bbox 151 2846 1121 2927; baseline -0.002 -17"><span class='ocrx_word' id='word_1_239' title='bbox 151 2849 269 2927; x_wconf 87' lang='lat' dir='ltr'><strong>quaudo</strong></span> <span class='ocrx_word' id='word_1_240' title='bbox 284 2849 413 2921; x_wconf 90' lang='lat' dir='ltr'><strong>iurandi,</strong></span> <span class='ocrx_word' id='word_1_241' title='bbox 438 2855 589 2925; x_wconf 86' lang='lat' dir='ltr'><strong>gravatur,</strong></span> <span class='ocrx_word' id='word_1_242' title='bbox 612 2856 643 2907; x_wconf 95' lang='lat' dir='ltr'><strong>ut</strong></span> <span class='ocrx_word' id='word_1_243' title='bbox 665 2847 848 2925; x_wconf 79' lang='lat' dir='ltr'><strong>Virgilius</strong></span> <span class='ocrx_word' id='word_1_244' title='bbox 878 2847 907 2907; x_wconf 91' lang='lat' dir='ltr'><strong>in</strong></span> <span class='ocrx_word' id='word_1_245' title='bbox 931 2846 1121 2908; x_wconf 85' lang='lat' dir='ltr'><strong>bucolicis</strong></span> 
     </span>
    </p>

    <p class='ocr_par' dir='ltr' id='par_1_8' title="bbox 117 2949 1115 3030">
     <span class='ocr_line' id='line_1_27' title="bbox 117 2949 1115 3030; baseline 0.002 -24"><span class='ocrx_word' id='word_1_246' title='bbox 117 2968 142 3006; x_wconf 77' lang='lat' dir='ltr'><strong>aa</strong></span> <span class='ocrx_word' id='word_1_247' title='bbox 305 2952 360 3012; x_wconf 85' lang='lat' dir='ltr'><strong>sie</strong></span> <span class='ocrx_word' id='word_1_248' title='bbox 379 2958 438 3010; x_wconf 94' lang='lat' dir='ltr'><strong>tua</strong></span> <span class='ocrx_word' id='word_1_249' title='bbox 463 2951 624 3028; x_wconf 75' lang='lat' dir='ltr'><strong>Cyrneas</strong></span> <span class='ocrx_word' id='word_1_250' title='bbox 648 2949 793 3026; x_wconf 80' lang='lat' dir='ltr'><strong>lugiant</strong></span> <span class='ocrx_word' id='word_1_251' title='bbox 813 2949 977 3009; x_wconf 85' lang='lat' dir='ltr'><strong>examina</strong></span> <span class='ocrx_word' id='word_1_252' title='bbox 1000 2957 1115 3030; x_wconf 82' lang='lat' dir='ltr'><strong>taxos.</strong></span> 
     </span>
    </p>

    <p class='ocr_par' dir='ltr' id='par_1_9' title="bbox 151 3048 1494 3435">
     <span class='ocr_line' id='line_1_28' title="bbox 238 3048 1494 3130; baseline -0.002 -17"><span class='ocrx_word' id='word_1_253' title='bbox 238 3053 374 3113; x_wconf 82' lang='lat' dir='ltr'><strong>nudum</strong></span> <span class='ocrx_word' id='word_1_254' title='bbox 392 3070 468 3129; x_wconf 86' lang='lat' dir='ltr'><strong>quae</strong></span> <span class='ocrx_word' id='word_1_255' title='bbox 486 3069 556 3130; x_wconf 86' lang='lat' dir='ltr'><strong>pars</strong></span> <span class='ocrx_word' id='word_1_256' title='bbox 576 3051 716 3111; x_wconf 83' lang='lat' dir='ltr'><strong>erationis</strong></span> <span class='ocrx_word' id='word_1_257' title='bbox 739 3048 807 3110; x_wconf 78' lang='lat' dir='ltr'><strong>est?</strong></span> <span class='ocrx_word' id='word_1_258' title='bbox 839 3050 1014 3111; x_wconf 82' lang='lat' dir='ltr'><strong>ddvevbium</strong></span> <span class='ocrx_word' id='word_1_259' title='bbox 1039 3061 1084 3111; x_wconf 87' lang='lat' dir='ltr'><strong>est</strong></span> <span class='ocrx_word' id='word_1_260' title='bbox 1106 3050 1254 3129; x_wconf 86' lang='lat' dir='ltr'><strong>tempu&#39;ris.</strong></span> <span class='ocrx_word' id='word_1_261' title='bbox 1299 3058 1327 3109; x_wconf 87' lang='lat' dir='ltr'><strong>et</strong></span> <span class='ocrx_word' id='word_1_262' title='bbox 1350 3051 1445 3111; x_wconf 86' lang='lat' dir='ltr'><strong>scien·</strong></span> <span class='ocrx_word' id='word_1_263' title='bbox 1462 3066 1494 3119; x_wconf 80' lang='lat'><strong>91</strong></span> 
     </span>
     <span class='ocr_line' id='line_1_29' title="bbox 151 3152 1448 3231; baseline -0.002 -18"><span class='ocrx_word' id='word_1_264' title='bbox 151 3155 232 3228; x_wconf 80' lang='lat' dir='ltr'><strong>(laam,</strong></span> <span class='ocrx_word' id='word_1_265' title='bbox 251 3154 329 3231; x_wconf 72' lang='lat' dir='ltr'><strong>(pared</strong></span> <span class='ocrx_word' id='word_1_266' title='bbox 346 3162 516 3229; x_wconf 84' lang='lat' dir='ltr'><strong>utrumque,</strong></span> <span class='ocrx_word' id='word_1_267' title='bbox 541 3153 598 3212; x_wconf 85' lang='lat' dir='ltr'><strong>hec</strong></span> <span class='ocrx_word' id='word_1_268' title='bbox 619 3162 665 3212; x_wconf 91' lang='lat' dir='ltr'><strong>est</strong></span> <span class='ocrx_word' id='word_1_269' title='bbox 680 3153 736 3212; x_wconf 87' lang='lat' dir='ltr'><strong>iarn</strong></span> <span class='ocrx_word' id='word_1_270' title='bbox 758 3161 788 3212; x_wconf 92' lang='lat' dir='ltr'><strong>et</strong></span> <span class='ocrx_word' id='word_1_271' title='bbox 809 3152 935 3223; x_wconf 93' lang='lat' dir='ltr'><strong>dudum,</strong></span> <span class='ocrx_word' id='word_1_272' title='bbox 956 3173 1013 3213; x_wconf 85' lang='lat' dir='ltr'><strong>nen</strong></span> <span class='ocrx_word' id='word_1_273' title='bbox 1037 3152 1131 3213; x_wconf 85' lang='lat' dir='ltr'><strong>solnm</strong></span> <span class='ocrx_word' id='word_1_274' title='bbox 1149 3152 1186 3211; x_wconf 92' lang='lat' dir='ltr'><strong>de</strong></span> <span class='ocrx_word' id='word_1_275' title='bbox 1201 3153 1359 3231; x_wconf 84' lang='lat' dir='ltr'><strong>praeterite</strong></span> <span class='ocrx_word' id='word_1_276' title='bbox 1375 3161 1448 3213; x_wconf 81' lang='lat' dir='ltr'><strong>tenr-</strong></span> 
     </span>
     <span class='ocr_line' id='line_1_30' title="bbox 152 3253 1447 3336; baseline -0.001 -21"><span class='ocrx_word' id='word_1_277' title='bbox 152 3276 223 3336; x_wconf 87' lang='lat' dir='ltr'><strong>pure</strong></span> <span class='ocrx_word' id='word_1_278' title='bbox 245 3256 351 3316; x_wconf 90' lang='lat' dir='ltr'><strong>dieitur</strong></span> <span class='ocrx_word' id='word_1_279' title='bbox 374 3255 426 3314; x_wconf 88' lang='lat' dir='ltr'><strong>sed</strong></span> <span class='ocrx_word' id='word_1_280' title='bbox 449 3254 536 3315; x_wconf 90' lang='lat' dir='ltr'><strong>etiam</strong></span> <span class='ocrx_word' id='word_1_281' title='bbox 557 3253 594 3314; x_wconf 90' lang='lat' dir='ltr'><strong>de</strong></span> <span class='ocrx_word' id='word_1_282' title='bbox 616 3255 729 3329; x_wconf 80' lang='lat' dir='ltr'><strong>lutura,</strong></span> <span class='ocrx_word' id='word_1_283' title='bbox 752 3264 785 3314; x_wconf 94' lang='lat' dir='ltr'><strong>nt</strong></span> <span class='ocrx_word' id='word_1_284' title='bbox 802 3255 831 3324; x_wconf 83' lang='lat' dir='ltr'><strong>iu</strong></span> <span class='ocrx_word' id='word_1_285' title='bbox 849 3254 980 3315; x_wconf 82' lang='lat' dir='ltr'><strong>seeundo</strong></span> <span class='ocrx_word' id='word_1_286' title='bbox 1000 3254 1181 3314; x_wconf 79' lang='lat' dir='ltr'><strong>Aeneidos</strong></span> <span class='ocrx_word' id='word_1_287' title='bbox 1202 3254 1290 3313; x_wconf 78' lang='lat' dir='ltr'><strong>‘iam</strong></span> <span class='ocrx_word' id='word_1_288' title='bbox 1312 3254 1447 3315; x_wconf 87' lang='lat' dir='ltr'><strong>dudum</strong></span> 
     </span>
     <span class='ocr_line' id='line_1_31' title="bbox 153 3355 1449 3435; baseline -0.003 -17"><span class='ocrx_word' id='word_1_289' title='bbox 153 3357 289 3418; x_wconf 90' lang='lat' dir='ltr'><strong>sumite</strong></span> <span class='ocrx_word' id='word_1_290' title='bbox 312 3359 480 3435; x_wconf 86' lang='lat' dir='ltr'><strong>paenas&#39;‚</strong></span> <span class='ocrx_word' id='word_1_291' title='bbox 500 3355 648 3433; x_wconf 83' lang='lat' dir='ltr'><strong>quemodo</strong></span> <span class='ocrx_word' id='word_1_292' title='bbox 668 3357 754 3416; x_wconf 87' lang='lat' dir='ltr'><strong>etiam</strong></span> <span class='ocrx_word' id='word_1_293' title='bbox 776 3357 893 3433; x_wconf 84' lang='lat' dir='ltr'><strong>quando</strong></span> <span class='ocrx_word' id='word_1_294' title='bbox 913 3355 1070 3434; x_wconf 84' lang='lat' dir='ltr'><strong>aliquande</strong></span> <span class='ocrx_word' id='word_1_295' title='bbox 1091 3355 1159 3414; x_wconf 86' lang='lat' dir='ltr'><strong>elim</strong></span> <span class='ocrx_word' id='word_1_296' title='bbox 1183 3373 1330 3432; x_wconf 87' lang='lat' dir='ltr'><strong>nmquam.</strong></span> <span class='ocrx_word' id='word_1_297' title='bbox 1375 3356 1449 3416; x_wconf 85' lang='lat' dir='ltr'><strong>haee</strong></span> 
     </span>
    </p>

    <p class='ocr_par' dir='ltr' id='par_1_10' title="bbox 119 3457 1450 3740">
     <span class='ocr_line' id='line_1_32' title="bbox 119 3457 1450 3537; baseline 0 -19"><span class='ocrx_word' id='word_1_298' title='bbox 119 3471 146 3510; x_wconf 82' lang='lat'><strong>³⁰</strong></span> <span class='ocrx_word' id='word_1_299' title='bbox 156 3460 233 3518; x_wconf 85' lang='lat' dir='ltr'><strong>eninr</strong></span> <span class='ocrx_word' id='word_1_300' title='bbox 257 3458 354 3518; x_wconf 88' lang='lat' dir='ltr'><strong>omnia</strong></span> <span class='ocrx_word' id='word_1_301' title='bbox 374 3466 432 3518; x_wconf 83' lang='lat' dir='ltr'><strong>tarn</strong></span> <span class='ocrx_word' id='word_1_302' title='bbox 455 3457 644 3535; x_wconf 79' lang='lat' dir='ltr'><strong>praeteritum</strong></span> <span class='ocrx_word' id='word_1_303' title='bbox 667 3476 754 3534; x_wconf 86' lang='lat' dir='ltr'><strong>quarn</strong></span> <span class='ocrx_word' id='word_1_304' title='bbox 777 3458 906 3519; x_wconf 88' lang='lat' dir='ltr'><strong>luturnm</strong></span> <span class='ocrx_word' id='word_1_305' title='bbox 928 3465 1055 3537; x_wconf 84' lang='lat' dir='ltr'><strong>pessunt</strong></span> <span class='ocrx_word' id='word_1_306' title='bbox 1076 3457 1251 3536; x_wconf 78' lang='lat' dir='ltr'><strong>significare.</strong></span> <span class='ocrx_word' id='word_1_307' title='bbox 1296 3466 1325 3517; x_wconf 86' lang='lat' dir='ltr'><strong>et</strong></span> <span class='ocrx_word' id='word_1_308' title='bbox 1344 3464 1450 3537; x_wconf 88' lang='lat' dir='ltr'><strong>putant</strong></span> 
     </span>
     <span class='ocr_line' id='line_1_33' title="bbox 153 3558 1450 3639; baseline 0 -19"><span class='ocrx_word' id='word_1_309' title='bbox 153 3560 270 3638; x_wconf 86' lang='lat' dir='ltr'><strong>quidam</strong></span> <span class='ocrx_word' id='word_1_310' title='bbox 290 3559 400 3619; x_wconf 89' lang='lat' dir='ltr'><strong>dudum</strong></span> <span class='ocrx_word' id='word_1_311' title='bbox 422 3558 519 3636; x_wconf 85' lang='lat' dir='ltr'><strong>quasi·</strong></span> <span class='ocrx_word' id='word_1_312' title='bbox 533 3558 582 3619; x_wconf 94' lang='lat' dir='ltr'><strong>diu</strong></span> <span class='ocrx_word' id='word_1_313' title='bbox 606 3559 676 3619; x_wconf 91' lang='lat' dir='ltr'><strong>dum</strong></span> <span class='ocrx_word' id='word_1_314' title='bbox 698 3558 769 3618; x_wconf 87' lang='lat' dir='ltr'><strong>diei:</strong></span> <span class='ocrx_word' id='word_1_315' title='bbox 799 3559 871 3620; x_wconf 80' lang='lat' dir='ltr'><strong>lraee</strong></span> <span class='ocrx_word' id='word_1_316' title='bbox 893 3559 971 3620; x_wconf 86' lang='lat' dir='ltr'><strong>enirn</strong></span> <span class='ocrx_word' id='word_1_317' title='bbox 993 3559 1117 3639; x_wconf 69' lang='lat' dir='ltr'><strong>syllaba,</strong></span> <span class='ocrx_word' id='word_1_318' title='bbox 1141 3559 1169 3618; x_wconf 94' lang='lat' dir='ltr'><strong>id</strong></span> <span class='ocrx_word' id='word_1_319' title='bbox 1193 3568 1237 3619; x_wconf 87' lang='lat' dir='ltr'><strong>est</strong></span> <span class='ocrx_word' id='word_1_320' title='bbox 1260 3560 1345 3634; x_wconf 90' lang='lat' dir='ltr'><strong>dum,</strong></span> <span class='ocrx_word' id='word_1_321' title='bbox 1375 3559 1450 3620; x_wconf 88' lang='lat' dir='ltr'><strong>solet</strong></span> 
     </span>
     <span class='ocr_line' id='line_1_34' title="bbox 154 3660 973 3740; baseline -0.002 -18"><span class='ocrx_word' id='word_1_322' title='bbox 154 3662 296 3740; x_wconf 80' lang='lat' dir='ltr'><strong>expletiva</strong></span> <span class='ocrx_word' id='word_1_323' title='bbox 320 3660 458 3733; x_wconf 89' lang='lat' dir='ltr'><strong>inveniri,</strong></span> <span class='ocrx_word' id='word_1_324' title='bbox 482 3669 513 3721; x_wconf 87' lang='lat' dir='ltr'><strong>nt</strong></span> <span class='ocrx_word' id='word_1_325' title='bbox 536 3661 656 3738; x_wconf 84' lang='lat' dir='ltr'><strong>quidum</strong></span> <span class='ocrx_word' id='word_1_326' title='bbox 675 3661 800 3737; x_wconf 84' lang='lat' dir='ltr'><strong>agedum</strong></span> <span class='ocrx_word' id='word_1_327' title='bbox 822 3661 973 3722; x_wconf 88' lang='lat' dir='ltr'><strong>adesdum.</strong></span> 
     </span>
    </p>

    <p class='ocr_par' dir='ltr' id='par_1_11' title="bbox 155 3757 1450 3947">
     <span class='ocr_line' id='line_1_35' title="bbox 239 3757 1450 3844; baseline 0 -22"><span class='ocrx_word' id='word_1_328' title='bbox 239 3762 376 3823; x_wconf 85' lang='lat' dir='ltr'><strong>Saucia</strong></span> <span class='ocrx_word' id='word_1_329' title='bbox 408 3763 476 3839; x_wconf 86' lang='lat' dir='ltr'><strong>quid</strong></span> <span class='ocrx_word' id='word_1_330' title='bbox 506 3761 572 3823; x_wconf 81' lang='lat' dir='ltr'><strong>est?</strong></span> <span class='ocrx_word' id='word_1_331' title='bbox 609 3762 732 3823; x_wconf 76' lang='lat' dir='ltr'><strong>Nomen.</strong></span> <span class='ocrx_word' id='word_1_332' title='bbox 767 3757 898 3833; x_wconf 84' lang='lat' dir='ltr'><strong>¹Quale?</strong></span> <span class='ocrx_word' id='word_1_333' title='bbox 936 3762 1159 3842; x_wconf 73' lang='lat' dir='ltr'><strong>appellativum.</strong></span> <span class='ocrx_word' id='word_1_334' title='bbox 1200 3763 1289 3823; x_wconf 87' lang='lat' dir='ltr'><strong>Cuius</strong></span> <span class='ocrx_word' id='word_1_335' title='bbox 1320 3759 1450 3844; x_wconf 60' lang='lat' dir='ltr'><strong>speciei?</strong></span> 
     </span>
     <span class='ocr_line' id='line_1_36' title="bbox 155 3863 1449 3947; baseline 0 -24"><span class='ocrx_word' id='word_1_336' title='bbox 155 3864 334 3925; x_wconf 85' lang='lat' dir='ltr'><strong>llerivativae</strong></span> <span class='ocrx_word' id='word_1_337' title='bbox 358 3864 418 3923; x_wconf 87' lang='lat' dir='ltr'><strong>sive</strong></span> <span class='ocrx_word' id='word_1_338' title='bbox 441 3864 642 3944; x_wconf 83' lang='lat' dir='ltr'><strong>participialis.</strong></span> <span class='ocrx_word' id='word_1_339' title='bbox 688 3883 756 3924; x_wconf 92' lang='lat' dir='ltr'><strong>nam</strong></span> <span class='ocrx_word' id='word_1_340' title='bbox 778 3883 795 3924; x_wconf 93' lang='lat' dir='ltr'><strong>a</strong></span> <span class='ocrx_word' id='word_1_341' title='bbox 817 3863 972 3943; x_wconf 87' lang='lat' dir='ltr'><strong>participio</strong></span> <span class='ocrx_word' id='word_1_342' title='bbox 994 3865 1144 3947; x_wconf 84' lang='lat' dir='ltr'><strong>sauciatus</strong></span> <span class='ocrx_word' id='word_1_343' title='bbox 1167 3865 1298 3925; x_wconf 82' lang='lat' dir='ltr'><strong>nascitur</strong></span> <span class='ocrx_word' id='word_1_344' title='bbox 1321 3864 1449 3936; x_wconf 87' lang='lat' dir='ltr'><strong>saueius,</strong></span> 
     </span>
    </p>

    <p class='ocr_par' dir='ltr' id='par_1_12' title="bbox 121 3964 1451 4146">
     <span class='ocr_line' id='line_1_37' title="bbox 121 3964 1451 4047; baseline -0.002 -21"><span class='ocrx_word' id='word_1_345' title='bbox 121 3980 146 4019; x_wconf 79' lang='lat'><strong>³⁵</strong></span> <span class='ocrx_word' id='word_1_346' title='bbox 159 3966 304 4044; x_wconf 79' lang='lat' dir='ltr'><strong>qnorxmdo</strong></span> <span class='ocrx_word' id='word_1_347' title='bbox 326 3985 342 4025; x_wconf 91' lang='lat' dir='ltr'><strong>a</strong></span> <span class='ocrx_word' id='word_1_348' title='bbox 366 3965 492 4026; x_wconf 87' lang='lat' dir='ltr'><strong>lassatus</strong></span> <span class='ocrx_word' id='word_1_349' title='bbox 511 3966 607 4025; x_wconf 85' lang='lat' dir='ltr'><strong>lassus</strong></span> <span class='ocrx_word' id='word_1_350' title='bbox 631 3975 660 4026; x_wconf 88' lang='lat' dir='ltr'><strong>et</strong></span> <span class='ocrx_word' id='word_1_351' title='bbox 678 3986 693 4026; x_wconf 90' lang='lat' dir='ltr'><strong>a</strong></span> <span class='ocrx_word' id='word_1_352' title='bbox 716 3966 861 4027; x_wconf 85' lang='lat' dir='ltr'><strong>laceratus</strong></span> <span class='ocrx_word' id='word_1_353' title='bbox 884 3966 1000 4027; x_wconf 85' lang='lat' dir='ltr'><strong>lacerus</strong></span> <span class='ocrx_word' id='word_1_354' title='bbox 1016 3965 1059 4026; x_wconf 90' lang='lat' dir='ltr'><strong>vel</strong></span> <span class='ocrx_word' id='word_1_355' title='bbox 1078 3964 1084 4047; x_wconf 87' lang='grc' dir='ltr'>Ι</span> <span class='ocrx_word' id='word_1_356' title='bbox 1103 3967 1195 4026; x_wconf 87' lang='lat' dir='ltr'><strong>lacer:</strong></span> <span class='ocrx_word' id='word_1_357' title='bbox 1219 3964 1262 4025; x_wconf 86' lang='lat' dir='ltr'><strong>sie</strong></span> <span class='ocrx_word' id='word_1_358' title='bbox 1277 3967 1354 4025; x_wconf 87' lang='lat' dir='ltr'><strong>enirn</strong></span> <span class='ocrx_word' id='word_1_359' title='bbox 1367 3964 1451 4025; x_wconf 85' lang='lat' dir='ltr'><strong>Ovi-</strong></span> 
     </span>
     <span class='ocr_line' id='line_1_38' title="bbox 155 4068 788 4146; baseline -0.003 -17"><span class='ocrx_word' id='word_1_360' title='bbox 155 4069 238 4129; x_wconf 86' lang='lat' dir='ltr'><strong>dius</strong></span> <span class='ocrx_word' id='word_1_361' title='bbox 269 4068 297 4126; x_wconf 92' lang='lat' dir='ltr'><strong>in</strong></span> <span class='ocrx_word' id='word_1_362' title='bbox 319 4075 401 4126; x_wconf 82' lang='lat' dir='ltr'><strong>sextu</strong></span> <span class='ocrx_word' id='word_1_363' title='bbox 423 4068 788 4146; x_wconf 81' lang='lat' dir='ltr'><strong>metamorphoseon.</strong></span> 
     </span>
    </p>

    <p class='ocr_par' dir='ltr' id='par_1_13' title="bbox 241 4166 1451 4249">
     <span class='ocr_line' id='line_1_39' title="bbox 241 4166 1451 4249; baseline -0.003 -20"><span class='ocrx_word' id='word_1_364' title='bbox 241 4172 336 4229; x_wconf 86' lang='lat' dir='ltr'><strong>Cura</strong></span> <span class='ocrx_word' id='word_1_365' title='bbox 365 4168 434 4245; x_wconf 83' lang='lat' dir='ltr'><strong>qvxid</strong></span> <span class='ocrx_word' id='word_1_366' title='bbox 464 4166 530 4229; x_wconf 81' lang='lat' dir='ltr'><strong>est‘l</strong></span> <span class='ocrx_word' id='word_1_367' title='bbox 573 4168 695 4229; x_wconf 85' lang='lat' dir='ltr'><strong>Nomen.</strong></span> <span class='ocrx_word' id='word_1_368' title='bbox 737 4167 851 4239; x_wconf 79' lang='lat' dir='ltr'><strong>Quale?</strong></span> <span class='ocrx_word' id='word_1_369' title='bbox 891 4167 1101 4249; x_wconf 75' lang='lat' dir='ltr'><strong>Appellatimm</strong></span> <span class='ocrx_word' id='word_1_370' title='bbox 1133 4167 1226 4247; x_wconf 88' lang='lat' dir='ltr'><strong>ipsias</strong></span> <span class='ocrx_word' id='word_1_371' title='bbox 1260 4169 1319 4241; x_wconf 87' lang='lat' dir='ltr'><strong>xei;</strong></span> <span class='ocrx_word' id='word_1_372' title='bbox 1352 4173 1451 4246; x_wconf 84' lang='lat' dir='ltr'><strong>petest</strong></span> 
     </span>
    </p>
   </div>
   <div class='ocr_carea' id='block_1_4' title="bbox 156 4386 1453 4873">
    <p class='ocr_par' dir='ltr' id='par_1_14' title="bbox 156 4386 1453 4657">
     <span class='ocr_line' id='line_1_40' title="bbox 224 4386 1450 4455; baseline -0.003 -13"><span class='ocrx_word' id='word_1_373' title='bbox 224 4390 312 4442; x_wconf 69' lang='lat' dir='ltr'><strong>ahoe</strong></span> <span class='ocrx_word' id='word_1_374' title='bbox 336 4398 375 4438; x_wconf 86' lang='lat' dir='ltr'><strong>est</strong></span> <span class='ocrx_word' id='word_1_375' title='bbox 397 4403 443 4439; x_wconf 86' lang='lat' dir='ltr'><strong>om.</strong></span> <span class='ocrx_word' id='word_1_376' title='bbox 464 4386 507 4439; x_wconf 87' lang='lat' dir='ltr'><strong>GS</strong></span> <span class='ocrx_word' id='word_1_377' title='bbox 579 4387 610 4439; x_wconf 79' lang='lat' dir='ltr'><strong>ld</strong></span> <span class='ocrx_word' id='word_1_378' title='bbox 634 4397 659 4438; x_wconf 87' lang='lat' dir='ltr'><strong>et</strong></span> <span class='ocrx_word' id='word_1_379' title='bbox 683 4389 840 4454; x_wconf 83' lang='lat' dir='ltr'><strong>gravida-</strong></span> <span class='ocrx_word' id='word_1_380' title='bbox 860 4388 959 4453; x_wconf 81' lang='lat' dir='ltr'><strong>grando</strong></span> <span class='ocrx_word' id='word_1_381' title='bbox 978 4388 1063 4438; x_wconf 61' lang='grc' dir='ltr'><strong>συιδ</strong></span> <span class='ocrx_word' id='word_1_382' title='bbox 1132 4398 1156 4437; x_wconf 83' lang='lat' dir='ltr'><strong>et</strong></span> <span class='ocrx_word' id='word_1_383' title='bbox 1175 4389 1282 4455; x_wconf 79' lang='lat' dir='ltr'><strong>grandis</strong></span> <span class='ocrx_word' id='word_1_384' title='bbox 1309 4396 1333 4437; x_wconf 85' lang='lat' dir='ltr'><strong>et</strong></span> <span class='ocrx_word' id='word_1_385' title='bbox 1352 4387 1450 4454; x_wconf 80' lang='lat' dir='ltr'><strong>grande</strong></span> 
     </span>
     <span class='ocr_line' id='line_1_41' title="bbox 157 4451 1450 4522; baseline -0.001 -13"><span class='ocrx_word' id='word_1_386' title='bbox 157 4463 177 4509; x_wconf 70' lang='grc' dir='ltr'><strong>(ἶ</strong></span> <span class='ocrx_word' id='word_1_387' title='bbox 245 4462 276 4510; x_wconf 73' lang='lat'><strong>‘21</strong></span> <span class='ocrx_word' id='word_1_388' title='bbox 298 4469 323 4507; x_wconf 94' lang='lat' dir='ltr'><strong>ut</strong></span> <span class='ocrx_word' id='word_1_389' title='bbox 339 4459 424 4508; x_wconf 83' lang='lat' dir='ltr'><strong>arania</strong></span> <span class='ocrx_word' id='word_1_390' title='bbox 442 4459 626 4507; x_wconf 78' lang='lat' dir='ltr'><strong>Lindemannus</strong></span> <span class='ocrx_word' id='word_1_391' title='bbox 641 4467 665 4507; x_wconf 91' lang='lat' dir='ltr'><strong>et</strong></span> <span class='ocrx_word' id='word_1_392' title='bbox 681 4460 766 4507; x_wconf 71' lang='lat' dir='ltr'><strong>eurania</strong></span> <span class='ocrx_word' id='word_1_393' title='bbox 783 4457 847 4509; x_wconf 74' lang='lat'><strong>068</strong></span> <span class='ocrx_word' id='word_1_394' title='bbox 914 4459 948 4508; x_wconf 76' lang='lat'><strong>24</strong></span> <span class='ocrx_word' id='word_1_395' title='bbox 964 4459 989 4506; x_wconf 87' lang='lat' dir='ltr'><strong>iu</strong></span> <span class='ocrx_word' id='word_1_396' title='bbox 1006 4455 1134 4522; x_wconf 79' lang='lat' dir='ltr'><strong>bucolicis]</strong></span> <span class='ocrx_word' id='word_1_397' title='bbox 1153 4459 1177 4515; x_wconf 84' lang='lat' dir='ltr'><strong>t).</strong></span> <span class='ocrx_word' id='word_1_398' title='bbox 1193 4457 1227 4508; x_wconf 80' lang='lat'><strong>30</strong></span> <span class='ocrx_word' id='word_1_399' title='bbox 1298 4451 1450 4508; x_wconf 72' lang='grc' dir='ltr'>ἳὸοἰιῊεύο</span> 
     </span>
     <span class='ocr_line' id='line_1_42' title="bbox 156 4525 1451 4595; baseline -0.003 -15"><span class='ocrx_word' id='word_1_400' title='bbox 156 4533 291 4595; x_wconf 72' lang='lat' dir='ltr'><strong>Cgryuea</strong></span> <span class='ocrx_word' id='word_1_401' title='bbox 312 4529 333 4576; x_wconf 80' lang='lat'><strong><em>6</em></strong></span> <span class='ocrx_word' id='word_1_402' title='bbox 352 4529 434 4593; x_wconf 80' lang='lat' dir='ltr'><strong>griuei</strong></span> <span class='ocrx_word' id='word_1_403' title='bbox 453 4528 474 4576; x_wconf 85' lang='lat' dir='ltr'><em>S</em></span> <span class='ocrx_word' id='word_1_404' title='bbox 547 4528 582 4578; x_wconf 73' lang='lat'><strong>‘28</strong></span> <span class='ocrx_word' id='word_1_405' title='bbox 600 4530 626 4576; x_wconf 88' lang='lat' dir='ltr'><strong>in</strong></span> <span class='ocrx_word' id='word_1_406' title='bbox 647 4529 759 4576; x_wconf 85' lang='lat' dir='ltr'><strong>secumlo</strong></span> <span class='ocrx_word' id='word_1_407' title='bbox 780 4525 916 4592; x_wconf 74' lang='lat' dir='ltr'><strong>derreidos]</strong></span> <span class='ocrx_word' id='word_1_408' title='bbox 937 4545 960 4577; x_wconf 82' lang='lat' dir='ltr'><strong>v.</strong></span> <span class='ocrx_word' id='word_1_409' title='bbox 981 4527 1031 4578; x_wconf 81' lang='lat'><strong>103</strong></span> <span class='ocrx_word' id='word_1_410' title='bbox 1119 4527 1152 4577; x_wconf 83' lang='lat'><strong>32</strong></span> <span class='ocrx_word' id='word_1_411' title='bbox 1171 4527 1296 4577; x_wconf 84' lang='lat' dir='ltr'><strong>adesdum</strong></span> <span class='ocrx_word' id='word_1_412' title='bbox 1314 4528 1357 4578; x_wconf 81' lang='lat' dir='ltr'><strong>CG</strong></span> <span class='ocrx_word' id='word_1_413' title='bbox 1373 4529 1451 4577; x_wconf 81' lang='lat' dir='ltr'><strong>adeo-</strong></span> 
     </span>
     <span class='ocr_line' id='line_1_43' title="bbox 156 4597 1453 4657; baseline -0.002 -8"><span class='ocrx_word' id='word_1_414' title='bbox 156 4604 216 4650; x_wconf 89' lang='lat' dir='ltr'><strong>dnm</strong></span> <span class='ocrx_word' id='word_1_415' title='bbox 239 4600 260 4648; x_wconf 89' lang='lat' dir='ltr'><em>S</em></span> <span class='ocrx_word' id='word_1_416' title='bbox 364 4598 397 4647; x_wconf 77' lang='lat'><strong>34</strong></span> <span class='ocrx_word' id='word_1_417' title='bbox 417 4599 530 4647; x_wconf 71' lang='lat' dir='ltr'><strong>nascitur</strong></span> <span class='ocrx_word' id='word_1_418' title='bbox 548 4599 604 4648; x_wconf 83' lang='lat' dir='ltr'><strong>sine</strong></span> <span class='ocrx_word' id='word_1_419' title='bbox 628 4599 729 4648; x_wconf 68' lang='lat' dir='ltr'><strong>strateius</strong></span> <span class='ocrx_word' id='word_1_420' title='bbox 749 4598 897 4647; x_wconf 73' lang='lat' dir='ltr'><strong>eraxscitnr</strong></span> <span class='ocrx_word' id='word_1_421' title='bbox 919 4599 976 4646; x_wconf 83' lang='lat' dir='ltr'><strong>siue</strong></span> <span class='ocrx_word' id='word_1_422' title='bbox 1001 4612 1093 4647; x_wconf 83' lang='lat' dir='ltr'><strong>saucns</strong></span> <span class='ocrx_word' id='word_1_423' title='bbox 1116 4597 1264 4646; x_wconf 83' lang='lat' dir='ltr'><strong>Gnaseitnr</strong></span> <span class='ocrx_word' id='word_1_424' title='bbox 1284 4597 1296 4657; x_wconf 67' lang='grc' dir='ltr'><strong>ιζ·</strong></span> <span class='ocrx_word' id='word_1_425' title='bbox 1317 4597 1453 4646; x_wconf 82' lang='lat' dir='ltr'><strong>saueiusS</strong></span> 
     </span>
    </p>

    <p class='ocr_par' dir='ltr' id='par_1_15' title="bbox 156 4664 1451 4873">
     <span class='ocr_line' id='line_1_44' title="bbox 227 4664 1451 4721; baseline -0.003 0"><span class='ocrx_word' id='word_1_426' title='bbox 227 4671 260 4721; x_wconf 82' lang='lat'><strong>35</strong></span> <span class='ocrx_word' id='word_1_427' title='bbox 280 4671 378 4719; x_wconf 79' lang='lat' dir='ltr'><strong>lacerus</strong></span> <span class='ocrx_word' id='word_1_428' title='bbox 398 4668 436 4717; x_wconf 81' lang='lat' dir='ltr'><strong>rael</strong></span> <span class='ocrx_word' id='word_1_429' title='bbox 459 4670 526 4717; x_wconf 82' lang='lat' dir='ltr'><strong>lacer</strong></span> <span class='ocrx_word' id='word_1_430' title='bbox 544 4670 564 4718; x_wconf 80' lang='grc' dir='ltr'><em>θ</em></span> <span class='ocrx_word' id='word_1_431' title='bbox 582 4669 680 4716; x_wconf 86' lang='lat' dir='ltr'><strong>lacerus</strong></span> <span class='ocrx_word' id='word_1_432' title='bbox 695 4669 797 4717; x_wconf 77' lang='lat' dir='ltr'><strong>laeevG</strong></span> <span class='ocrx_word' id='word_1_433' title='bbox 816 4669 914 4716; x_wconf 87' lang='lat' dir='ltr'><strong>lacerus</strong></span> <span class='ocrx_word' id='word_1_434' title='bbox 933 4665 1102 4717; x_wconf 84' lang='lat' dir='ltr'><strong>l’laeessnsS</strong></span> <span class='ocrx_word' id='word_1_435' title='bbox 1164 4668 1201 4716; x_wconf 89' lang='lat' dir='ltr'><strong>sie</strong></span> <span class='ocrx_word' id='word_1_436' title='bbox 1214 4692 1251 4702; x_wconf 90' lang='lat'><em>-</em></span> <span class='ocrx_word' id='word_1_437' title='bbox 1269 4664 1304 4716; x_wconf 76' lang='lat'><strong>36</strong></span> <span class='ocrx_word' id='word_1_438' title='bbox 1315 4677 1451 4717; x_wconf 83' lang='lat' dir='ltr'><strong>metamor-</strong></span> 
     </span>
     <span class='ocr_line' id='line_1_45' title="bbox 156 4733 1451 4807; baseline -0.002 -17"><span class='ocrx_word' id='word_1_439' title='bbox 156 4736 336 4807; x_wconf 81' lang='lat' dir='ltr'><strong>phoseon-am.</strong></span> <span class='ocrx_word' id='word_1_440' title='bbox 356 4737 401 4788; x_wconf 78' lang='lat' dir='ltr'><strong>Sh</strong></span> <span class='ocrx_word' id='word_1_441' title='bbox 471 4738 505 4789; x_wconf 81' lang='grc'><strong>36</strong></span> <span class='ocrx_word' id='word_1_442' title='bbox 520 4739 545 4787; x_wconf 89' lang='lat' dir='ltr'><strong>in</strong></span> <span class='ocrx_word' id='word_1_443' title='bbox 563 4749 638 4787; x_wconf 82' lang='lat' dir='ltr'><strong>sexto</strong></span> <span class='ocrx_word' id='word_1_444' title='bbox 657 4733 908 4802; x_wconf 83' lang='lat' dir='ltr'><strong>metmnorplxoseon]</strong></span> <span class='ocrx_word' id='word_1_445' title='bbox 927 4753 951 4789; x_wconf 81' lang='lat' dir='ltr'><strong>v.</strong></span> <span class='ocrx_word' id='word_1_446' title='bbox 967 4737 1018 4789; x_wconf 63' lang='lat'><strong>562</strong></span> <span class='ocrx_word' id='word_1_447' title='bbox 1036 4751 1114 4802; x_wconf 86' lang='lat' dir='ltr'><strong>saepe</strong></span> <span class='ocrx_word' id='word_1_448' title='bbox 1132 4751 1179 4786; x_wconf 79' lang='lat' dir='ltr'><strong>sna</strong></span> <span class='ocrx_word' id='word_1_449' title='bbox 1198 4736 1309 4785; x_wconf 85' lang='lat' dir='ltr'><strong>laceram</strong></span> <span class='ocrx_word' id='word_1_450' title='bbox 1327 4738 1451 4802; x_wconf 81' lang='lat' dir='ltr'><strong>repettsse</strong></span> 
     </span>
     <span class='ocr_line' id='line_1_46' title="bbox 156 4811 372 4873; baseline -0.023 -13"><span class='ocrx_word' id='word_1_451' title='bbox 156 4811 262 4860; x_wconf 81' lang='lat' dir='ltr'><strong>libidine</strong></span> <span class='ocrx_word' id='word_1_452' title='bbox 279 4822 372 4873; x_wconf 86' lang='lat' dir='ltr'><strong>corpus</strong></span> 
     </span>
    </p>
   </div>
   <div class='ocr_carea' id='block_1_5' title="bbox 0 0 1685 5490">
    <p class='ocr_par' dir='ltr' id='par_1_16' title="bbox 0 0 1685 5490">
     <span class='ocr_line' id='line_1_47' title="bbox 0 0 1685 5490; baseline 0 0"><span class='ocrx_word' id='word_1_453' title='bbox 0 0 1685 5490; x_wconf 95' lang='lat' dir='ltr'><strong> </strong></span> 
     </span>
    </p>
   </div>
  </div>
 </body>
</html>
