3352 5490
249 335 311 396 456
355 330 542 396 PlllSClANl
564 332 660 426 INST.
679 332 727 392 DE
744 331 891 392 NOlllNE
909 331 958 392 ET
973 329 1195 392 ltnodomn'n
1213 330 1262 390 ΕΤ
1278 329 1403 390 VERBO
1426 339 1556 394 68-72.

301 464 322 502 p.
334 449 466 492 1tts-aut‘.
623 457 628 469 ’
1344 457 1366 497 p.
1377 445 1423 484 tls.
1431 445 1459 485 ‘ld
1471 445 1499 485 li.

249 521 377 582 cundum
400 520 577 599 praedictam
596 519 727 596 regulam
750 520 782 578 dt
804 519 840 577 ab
864 518 957 578 activo
976 517 1006 577 iu
1022 535 1039 577 o
1058 517 1211 577 desinente
1233 516 1330 576 addita
1348 535 1378 586 r,
1399 524 1432 576 nt
1453 525 1556 577 amato

198 635 233 687 68
248 632 375 696 amator,
403 623 508 683 doceto
535 622 670 694 docetor,
695 620 782 696 legito
807 620 930 698 legitor,
959 618 1058 678 audito
1085 618 1208 678 auditor.
1256 616 1390 678 similiter
1411 619 1440 678 in
1464 619 1560 679 tertia·

250 724 373 804 plurali,
404 732 521 784 amanto
551 731 699 795 amantor,
734 721 860 781 docento
888 721 1046 793 docentor,
1080 721 1198 799 legunto
1229 720 1378 798 leguntur,
1408 719 1553 780 audiunto

186 818 190 823 ’
251 826 417 886 audiuntor.
461 825 591 885 secunda
610 843 678 883 reru
704 842 830 905 persona
851 844 867 884 a
889 823 1017 883 secunda
1041 818 1223 904 inflldicatiri
1238 821 1398 881 mutatione
1422 821 1430 881 i
1453 821 1563 882 linaiis⁴

252 928 282 988 in
305 946 339 987 or
361 928 408 1000 fit,
437 935 468 987 ut
490 926 627 986 auramini
654 925 830 996 amaminor,
856 923 1003 984 docemini
1024 924 1210 995 doceminor,
1234 922 1361 1000 legimini
1383 922 1552 1000 legiminor,
1576 945 1588 982 s

118 1057 120 1063 ¹
200 1041 236 1094 ott
254 1029 394 1090 audimini
411 1028 582 1088 audimincr.
613 1027 742 1088 omnium
763 1025 917 1085 modorum
940 1025 1127 1104 praeteritum
1144 1026 1306 1104 perlectum
1327 1032 1357 1084 et
1378 1024 1554 1104 plusquam-

253 1131 433 1211 perfectum,
464 1129 540 1189 sicut
566 1147 654 1208 supra
678 1128 787 1188 dictum
811 1136 870 1198 est,
894 1145 947 1206 per
967 1127 1152 1206 participium
1183 1125 1331 1205 praeteriti
1356 1127 1498 1206 temporis
1522 1136 1553 1188 et

253 1253 318 1295 sum
345 1231 422 1292 serbi
452 1230 678 1291 declinationem
708 1229 869 1307 protertur,
903 1236 934 1288 ut
955 1237 1069 1288 amatus
1098 1246 1178 1300 sum,
1208 1238 1322 1288 amatus
1349 1228 1406 1300 lui,
1435 1237 1554 1289 amatus

256 1354 336 1396 eram
365 1335 495 1406 lucram,
516 1340 630 1392 amatus
652 1349 748 1392 essem
771 1329 911 1402 inissem,
935 1338 1048 1389 amatus
1067 1328 1122 1388 sim
1141 1329 1261 1405 luerim;
1285 1329 1459 1389 subiunctivi
1482 1349 1553 1391 vero

254 1438 384 1498 loturum
419 1434 462 1494 sic
495 1442 555 1503 est,
588 1441 701 1493 amatus
734 1449 785 1491 ero
821 1433 913 1491 litero.
957 1429 1097 1491 infinitiva
1128 1431 1242 1510 passiva
1274 1431 1311 1491 alr
1337 1431 1438 1491 activis
1474 1433 1588 1492 fiuntra

255 1539 311 1598 lroc
331 1535 431 1606 modu,
456 1535 615 1594 mutatione
640 1533 771 1593 elinalis
792 1534 821 1593 in
844 1534 852 1593 i
881 1532 991 1610 alasque
1006 1532 1089 1592 tertia
1105 1532 1310 1610 coniugatione
1336 1533 1379 1608 (io
1401 1532 1447 1592 illa
1471 1533 1552 1593 enim

255 1638 366 1700 abiecta
392 1656 423 1697 re
446 1645 573 1695 extrema
596 1635 704 1714 syllaba
726 1634 901 1714 paenultima
925 1653 941 1694 e
963 1634 992 1693 in
1012 1635 1020 1694 i
1043 1634 1249 1709 convertitur),
1274 1643 1305 1694 ut
1327 1652 1424 1694 amare
1446 1636 1551 1710 amari,

204 1746 238 1799 ru
255 1740 361 1799 docere
383 1737 492 1806 (laceri,
514 1736 611 1814 legere
633 1736 706 1814 legi,
729 1736 830 1796 arulire
852 1736 961 1810 audiri3
984 1735 1173 1815 praeteritum
1197 1717 1265 1795 vero
1288 1755 1342 1815 per
1365 1736 1579 1815 participium*

255 1840 357 1906 neutriv
381 1837 497 1931 generis
525 1845 553 1896 et
582 1837 701 1897 verbum
730 1856 796 1898 csse
826 1837 869 1897 vel
893 1838 984 1898 luisse
1013 1838 1060 1910 dt,
1088 1845 1119 1897 ut
1141 1846 1268 1897 amatum
1291 1857 1356 1898 esse
1380 1837 1422 1896 vel
1447 1837 1551 1911 luisse,

256 1941 373 2002 doctum
403 1958 468 1999 esse
498 1939 540 1998 rel
563 1939 670 2011 luisse,
694 1939 802 1998 lectum
832 1957 898 1999 esse
926 1938 969 1999 rel
1001 1939 1106 2008 luisse,
1131 1940 1261 2000 eruditum
1282 1958 1349 2000 esse
1372 1939 1415 1999 rel
1440 1940 1589 2014 luisse3u

255 2043 385 2103 lulrrrum
407 2059 459 2120 per
478 2040 662 2118 participium
685 2039 779 2100 simile
806 2049 835 2100 et
863 2060 915 2120 per
934 2040 968 2100 iri
994 2040 1128 2116 verbum,
1153 2051 1186 2101 ut
1200 2050 1332 2125 amatum
1356 2041 1405 2114 iri,
1429 2042 1551 2102 doctum

256 2144 308 2217 iri,
337 2143 444 2204 lectum
474 2143 523 2214 iri,
549 2142 680 2201 auditum
703 2140 746 2200 iri.

341 2243 436 2304 Ourna
466 2244 650 2323 participium
682 2244 845 2322 praesentis
873 2242 989 2321 quidem
1017 2243 1161 2327 temporis
1185 2245 1214 2303 in
1243 2263 1278 2303 ns
1306 2244 1421 2304 desinit.
1468 2254 1497 2303 et
1521 2246 1551 2306 in

256 2348 348 2427 prima
369 2345 485 2424 paridem
505 2353 534 2404 et
555 2344 682 2405 secunda
707 2346 912 2421 coniugatione
934 2346 966 2404 dt
990 2344 1161 2423 interposita
1184 2346 1331 2406 secundae
1352 2363 1496 2425 personae
1521 2367 1551 2420 n,

256 2457 289 2509 ut
310 2466 390 2508 amas
416 2466 532 2519 amans,
561 2446 650 2507 doces
673 2446 799 2523 docens;
829 2446 857 2507 in
881 2442 964 2506 tertia
991 2465 1059 2507 vero
1080 2456 1109 2506 et
1130 2456 1233 2526 quarta
1259 2466 1278 2506 u
1300 2447 1393 2526 prima
1422 2467 1586 2526 personam

258 2553 290 2612 dt
308 2568 447 2610 conversa
468 2569 485 2608 o
505 2549 533 2608 in
555 2567 625 2621 ens,
649 2556 680 2607 ut
700 2547 765 2625 lego
786 2548 902 2626 legens,
926 2548 1013 2609 audio
1032 2548 1164 2609 audiens.
1198 2549 1343 2628 excipitur
1362 2569 1396 2610 eo
1417 2558 1446 2609 et
1464 2569 1552 2628 queo,

258 2670 333 2729 quae
361 2650 525 2729 euphoniae
553 2668 640 2710 causa
672 2650 736 2710 iens
764 2670 817 2729 pro
839 2669 910 2710 eens
936 2660 965 2710 et
985 2651 1090 2728 quiens
1110 2669 1163 2730 pro
1184 2669 1296 2729 qrreens
1319 2652 1428 2711 iaciunt
1452 2661 1481 2711 et
1501 2671 1554 2729 ge-

208 2765 240 2817 71
261 2754 357 2813 nativo
377 2752 474 2812 euntis
495 2768 547 2829 pra
569 2752 670 2825 ientis,
689 2753 827 2828 (praeuntis
851 2771 903 2831 pro
922 2751 1058 2828 quienlis.
1087 2772 1174 2813 onrne
1198 2752 1381 2831 participium
1405 2755 1552 2831 praeteriti

173 2846 174 2850 ¹
259 2852 400 2932 temporis
426 2861 437 2912 t
466 2852 509 2911 rel
537 2873 552 2911 s
578 2852 621 2912 rel
648 2872 665 2912 x
688 2852 864 2912 hebetante
888 2872 938 2925 us,
967 2862 1133 2915 clamatus
1157 2855 1255 2915 laesus
1280 2858 1363 2916 tinus.
1410 2856 1554 2935 excipitur

259 2963 401 3014 mortuus.
447 2972 533 3013 omne
558 2954 742 3033 participium
772 2955 859 3014 lutrrri
883 2955 912 3014 in
935 2974 986 3015 rus
1013 2956 1056 3014 rel
1079 2957 1107 3014 in
1128 2957 1184 3017 dus
1206 2957 1328 3028 desinit,
1353 2950 1384 3016 nt
1400 2966 1588 3028 anralurnsaa

260 3056 410 3115 amandus.
457 3055 573 3115 nornioa
603 3054 727 3114 rerlralia
759 3055 967 3133 plerumqnea
995 3058 1148 3137 participio
1171 3058 1318 3137 praeteriti
1349 3061 1421 3118 liunt
1442 3068 1553 3120 mutata
1667 3045 1670 3051 ¹

260 3157 338 3218 finali
361 3157 446 3218 usin
470 3176 518 3229 or,
548 3166 579 3216 ut
606 3166 720 3218 amatus
743 3166 870 3229 amator,
901 3159 1005 3219 (lectus
1027 3159 1139 3220 doctor.
1185 3159 1212 3219 iu
1236 3169 1282 3219 tor
1301 3179 1368 3219 reru
1389 3147 1553 3222 desinentia

261 3266 375 3320 mutant
390 3278 453 3320 eam
473 3260 572 3319 lotrix
595 3268 624 3320 et
644 3259 752 3319 iaciunt
768 3259 948 3334 lemininum,
970 3268 1001 3320 ut
1018 3270 1130 3322 amator
1146 3238 1282 3333 ornatrix,
1305 3261 1409 3321 doctor
1431 3262 1553 3336 doctrix,

209 3368 243 3418 72
260 3361 352 3422 lector
370 3362 486 3432 lectrix,
510 3360 626 3421 auditor
648 3361 780 3421 auditrix.
826 3380 922 3420 rernm
947 3380 1063 3441 quoque
1085 3363 1311 3443 incorporalium
1335 3364 1472 3424 rocalrula
1492 3365 1555 3443 ple-

261 3483 384 3540 rumque
408 3463 555 3543 praeteriti
579 3463 719 3541 temporis
744 3460 903 3541 participiis
926 3463 1030 3523 similia
1057 3463 1258 3538 inreniunlur,
1284 3466 1337 3525 sed
1359 3473 1480 3543 qrrartae
1503 3467 1592 3527 dea-ao

261 3564 440 3636 dicationis,
470 3572 500 3623 ut
528 3563 670 3624 indicatus
700 3564 828 3623 monitus
860 3563 976 3624 lralritus
1004 3565 1129 3625 auditus.
1175 3569 1248 3626 liunt
1271 3567 1356 3627 etiam
1380 3586 1394 3626 a
1419 3569 1554 3644 genetivo

263 3685 351 3744 supra
381 3665 449 3724 dicti
474 3665 617 3743 participii
644 3664 740 3724 addita
764 3686 797 3734 o,
826 3664 976 3746 coriepta
1000 3666 1024 3739 i,
1050 3675 1080 3726 ut
1106 3667 1280 3728 coniunctus
1312 3669 1459 3729 coniuncti
1483 3689 1554 3729 con-

261 3766 382 3838 iunctio,
405 3775 486 3825 ratus
506 3765 510 3847 Ι
530 3766 584 3825 rati
607 3767 694 3838 ratio,
724 3767 899 3844 paenultima
924 3777 1068 3846 correpta.
1113 3776 1158 3828 est
1180 3778 1277 3828 tanren
1299 3771 1416 3847 ‹puando
1437 3771 1555 3849 partici-

262 3868 318 3948 piis
342 3867 429 3927 luturi
453 3867 593 3946 temporis
617 3867 763 3927 letniuinis
784 3869 812 3927 in
836 3868 1090 3930 indesinentibus
1113 3871 1215 3930 similia
1240 3883 1325 3944 sum,
1352 3880 1384 3932 ut
1409 3872 1555 3950 scriptura

263 3971 375 4050 pictura
396 3977 551 4029 armatura.
597 3977 642 4028 est
661 3970 776 4046 quando
800 3969 827 4028 in
850 3989 898 4029 um
921 3970 1006 4031 etiam
1029 3962 1166 4032 desinunt
1189 3973 1231 4031 rel
1256 3973 1284 4032 in
1301 3969 1313 4055 ll
1329 3993 1377 4044 or,
1397 3982 1428 4033 ut
1446 3975 1593 4033 lactumas

261 4072 372 4132 dictum
395 4069 477 4131 labor
500 4089 591 4131 aoror.
636 4072 665 4132 in
689 4092 706 4132 o
727 4072 889 4131 desinentia
914 4072 1011 4131 omnia
1034 4074 1192 4134 activorum
1216 4074 1346 4151 regulam
1369 4084 1500 4147 serrant,
1525 4075 1555 4135 in

262 4193 296 4234 or
317 4193 384 4234 reru
402 4173 611 4252 passivorum,
635 4174 671 4234 de
694 4192 817 4251 quorum
840 4169 998 4253 speciebus
1018 4174 1046 4234 in
1075 4175 1167 4236 trihus
1191 4174 1288 4250 libris,
1313 4194 1387 4252 qrros
1408 4177 1444 4236 de
1468 4177 1556 4237 rerbo

264 4274 451 4354 scripsimus,
471 4274 556 4336 latins
579 4276 736 4338 dissertum
761 4295 826 4335 esse
848 4274 987 4335 invenies.

333 4446 349 4493 4
369 4445 450 4492 dualis
470 4459 486 4499 ς
505 4445 573 4494 duali
594 4447 615 4496 0
664 4445 680 4495 tt
697 4446 849 4495 subiunctivi
864 4470 898 4479 —
915 4445 944 4494 10
963 4454 1000 4495 est
1013 4454 1070 4508 post
1084 4447 1099 4496 8
1113 4445 1240 4511 prolertnr
1256 4447 1330 4497 dedet
1346 4448 1366 4497 C
1416 4449 1451 4495 20
1468 4462 1483 4495 a
1499 4455 1558 4497 uate

265 4511 345 4576 prima
363 4527 408 4562 oro.
428 4513 456 4577 C,
474 4515 535 4563 odd.
555 4529 572 4569 ς
647 4518 679 4566 22
699 4531 763 4579 qrrae
783 4530 799 4570 ς
819 4515 878 4577 quia
899 4515 919 4563 C

778 4721 1046 4729 —————
