3352 5490
256 349 318 411 474
809 349 994 412 rmsctam

322 465 465 506 masur.
1365 497 1371 509 .
1487 473 1508 511 π

205 549 240 600 05
307 477 320 516 p
343 536 418 605 Que
437 554 510 613 quae
534 555 601 615 pars
620 536 760 597 orationis
776 534 845 597 est?
867 536 1049 597 coniunctio.
1083 536 1208 608 Qualis?
1230 467 1430 618 Copulativii}
1445 469 1568 626 iliillius

256 637 388 698 ordinis?
419 638 614 717 Postpositivi.

308 823 311 831 Ι
341 740 410 799 (lca
433 757 507 816 quae
529 757 597 817 pars
620 739 761 799 orationis
791 737 857 799 est?
897 740 1010 799 Nomen
1040 739 1246 820 appellativum
1273 723 1409 803 neutrum
1438 744 1565 824 plurale

255 841 393 919 simplex,
418 860 504 900 casus
525 841 552 900 iu
574 841 630 900 hoc
652 839 716 900 loco
739 840 904 900 accusativi.
949 842 1026 900 iclem
1056 849 1153 901 tamen
1177 850 1222 901 est
1244 861 1363 922 semper
1385 845 1414 904 in
1438 848 1564 909 neutris

256 941 423 1002 nominibus
453 953 481 1001 et
502 941 696 1002 nominativus
717 949 746 1000 et
766 942 951 1002 accusativus
973 951 1002 1001 et
1024 943 1181 1003 vocativus.
1226 943 1279 1002 Dic
1302 945 1462 1022 singulare.
1510 949 1585 1010 0s⁵

256 1043 325 1104 oris.
372 1062 438 1105 nam
467 1043 490 1103 si
515 1050 649 1122 correpte
675 1062 709 1103 os
728 1042 823 1114 dicas,
847 1042 924 1103 aliucl
944 1043 1105 1120 significat,
1128 1051 1156 1104 et
1178 1045 1257 1106 ossis
1278 1046 1351 1107 elicis
1374 1050 1561 1124 genetivum.

205 1152 239 1204 ttss
257 1146 314 1205 Fac
336 1145 547 1205 diminutivum.
584 1144 737 1217 usctttnm
760 1144 895 1204 osculum
915 1152 944 1204 et
968 1165 1002 1205 ex
1024 1146 1081 1205 boc
1101 1145 1222 1206 osculor
1244 1146 1396 1209 oscularis.
1443 1152 1560 1213 ostium

256 1265 374 1327 proque
401 1246 467 1306 inde
490 1247 651 1317 derivatur,
686 1264 720 1306 ex
743 1264 801 1324 quo
824 1245 960 1307 ostiarius
982 1255 1011 1305 et
1033 1246 1169 1308 ostiatim.
1216 1267 1268 1308 oro
1289 1266 1406 1327 quoque
1431 1250 1562 1312 verbum

257 1346 293 1409 so
314 1368 365 1410 ore
386 1356 432 1408 est
453 1356 482 1407 et
504 1347 665 1408 oraculum.

343 1448 544 1510 Tenebant·
560 1468 635 1528 quae
656 1467 725 1528 pars
748 1448 889 1508 orationis
911 1447 976 1508 est?
999 1449 1124 1509 Verlmm
1144 1449 1268 1511 activum
1290 1452 1453 1530 novientum
1477 1453 1597 1515 indi-ro

257 1553 350 1612 eativo
378 1552 465 1611 modo
492 1551 618 1623 (lictum,
647 1550 788 1629 temporis
810 1550 959 1628 praeteriti
979 1550 1161 1628 imperfecti,
1192 1553 1303 1612 numeri
1325 1552 1463 1632 pluralis,
1487 1574 1559 1634 per-

204 1683 208 1689 ·
257 1650 482 1724 sonaetectiae‚
506 1650 891 1728 coniugatiooissecunclae.
925 1651 1054 1711 llccliua.
1093 1651 1192 1712 Teneo
1215 1653 1348 1713 tenebam
1369 1661 1398 1714 et
1419 1655 1559 1740 cetera!

258 1753 351 1824 Quam
371 1752 454 1813 aliam
478 1754 599 1812 lorcvram
621 1753 689 1812 lacit
709 1752 766 1811 boc
782 1750 923 1811 verbum?
944 1753 1212 1831 Frequentativam,
1230 1764 1309 1814 tento
1326 1763 1431 1816 tentas.
1457 1755 1559 1836 [com-

257 1854 352 1933 posita
379 1854 488 1914 attineo
516 1853 627 1912 retineo
656 1851 792 1913 contineo
815 1853 947 1912 sustineo
970 1854 1102 1933 pertineo
1125 1856 1279 1916 continens
1304 1857 1482 1919 continentia
1508 1878 1559 1920 re-

257 1954 433 2027 tinaculum,
454 1955 608 2015 derivativa
631 1961 718 2016 tenax
741 1953 908 2036 tenacitas]
1569 1979 1594 2018 ra

873 2191 923 2241 111.

445 2335 618 2384 Posrovam
639 2335 698 2376 RES
720 2334 815 2376 ASIAB
836 2333 1019 2380 PRIAMIQUE
1037 2333 1205 2374 EVERTERE
1226 2334 1366 2375 GENTEM.

207 2472 241 2526 aa
343 2468 597 2529 Seauclevevsum.
636 2446 793 2546 Postquam
838 2467 949 2526 resbsi
992 2485 1026 2525 ae
1042 2465 1106 2525 Pria
1151 2467 1280 2544 miquee
1324 2475 1437 2528 vertere
1480 2488 1556 2548 gen·

257 2579 325 2630 tem.
372 2571 451 2639 unas
473 2570 561 2630 babet
580 2567 738 2630 caesuras?
768 2567 1003 2646 semiquinarinm
1025 2575 1052 2627 et
1074 2567 1353 2647 semiseptcnmiam.
1399 2571 1477 2639 Quot
1500 2571 1556 2631 ba-

256 2671 306 2732 bel
327 2671 456 2749 liguros?
491 2672 607 2731 lleccm.
653 2669 740 2730 babet
768 2671 844 2730 enim
868 2678 928 2729 tres
949 2669 1079 2748 dactylos
1102 2678 1131 2728 et
1153 2670 1226 2730 duos
1246 2671 1403 2748 spomlcos.
1449 2672 1591 2734 Dividere

257 2774 388 2851 singulos
414 2774 514 2852 pelles.
561 2774 720 2850 Postquam
765 2791 813 2832 res
828 2772 875 2831 Asi
927 2771 1040 2831 ael'ria
1092 2771 1221 2848 miquee
1265 2781 1377 2831 vertere
1421 2783 1552 2850 gentem.

258 2876 336 2946 Qum
358 2884 456 2954 partes
477 2876 618 2935 orationis
640 2874 728 2934 babet
748 2874 795 2933 bic
815 2870 940 2933 versus?
962 2874 1090 2952 Septem.
1131 2875 1208 2942 llvtot
1231 2871 1371 2932 uomina?
1394 2873 1551 2943 Quattuor.

258 2974 360 3046 Oetae?
400 2976 457 3036 lles
481 2976 566 3035 Asiae
594 2975 701 3035 Priami
726 2984 851 3052 gentem.
898 2977 976 3043 llum
1004 2972 1114 3033 verlaa?
1150 2974 1260 3046 Vnum,
1289 2982 1427 3034 evertere.
1474 2976 1553 3046 uoto

257 3076 354 3138 aliucl?
370 3077 561 3149 uocantum,
582 3085 747 3156 postquam,
764 3084 791 3136 ct
812 3056 1058 3148 coniunctionem,
1075 3094 1140 3153 que.
1164 3076 1267 3135 Tracta
1287 3075 1419 3153 singulas
1438 3085 1550 3154 partes.

130 3259 132 3262 y
206 3193 240 3244 us
343 3179 541 3254 Postquam
572 3196 645 3256 quae
676 3197 745 3257 pars
773 3178 913 3238 orationis
944 3176 1012 3238 est?
1046 3177 1229 3238 Aclrerbium.
1276 3177 1351 3247 Quid
1382 3186 1427 3237 est
1448 3177 1590 3238 adver-as

256 3279 357 3341 bium?
377 3280 448 3340 Pars
469 3280 609 3340 orationis
628 3297 702 3356 ottae
716 3280 827 3340 arliecta
850 3280 938 3339 verbo
960 3278 1202 3356 significationem
1225 3278 1288 3339 eius
1307 3279 1441 3358 explanat
1462 3287 1551 3357 atque

256 3383 367 3462 implet.
414 3384 492 3452 Quot
519 3381 654 3440 accidunt
681 3380 839 3442 adverbio?
876 3381 1056 3458 Significatu
1076 3382 1227 3458 etiigura.
1273 3380 1452 3459 comparatio
1471 3382 1550 3442 enim

257 3504 315 3546 non
343 3482 479 3544 omnibus
504 3482 608 3542 acciclit
636 3482 797 3558 aclverbiis3
826 3483 986 3542 accidentia
1018 3500 1085 3542 vero
1113 3481 1222 3542 clebeot
1248 3481 1394 3559 generalia
1425 3501 1492 3542 esse
1521 3493 1551 3543 et

256 3585 422 3646 communia
445 3583 582 3644 omnibus
605 3584 761 3663 speciebus
784 3585 847 3644 eius
863 3584 999 3644 dictionis
1023 3584 1069 3643 cui
1092 3581 1254 3664 acleiclunt.
1290 3603 1359 3659 ergo
1380 3583 1485 3644 melius
1505 3593 1550 3645 est

256 3706 311 3767 pro
341 3685 559 3764 comparatione
585 3686 692 3746 aclcleve
719 3685 920 3745 accidentibus
950 3685 1085 3746 adverbio
1115 3685 1253 3765 speciem.
1299 3685 1440 3762 (praecium
1471 3686 1588 3747 euinteo

256 3788 459 3849 adverbiorum
482 3796 552 3848 sunt
571 3783 766 3866 πρωτότυπα,
790 3787 818 3847 icl
842 3797 887 3847 est
905 3788 1047 3867 primitiva
1071 3787 1115 3847 vel
1138 3787 1248 3866 primae
1269 3787 1436 3866 positionis,
1461 3805 1552 3864 quae·

324 3993 483 4045 'inscillunn
521 3995 545 4040 A
565 3993 605 4042 lac
629 3992 791 4041 clirlcmtiuvun
811 3992 842 4041 M
863 3992 975 4040 osculum
993 3992 1014 4037 S
1032 4008 1037 4038 :
1058 3992 1172 4040 oscillum
1197 4000 1235 4038 cst
1253 4006 1331 4055 parva
1351 3991 1445 4050 socies,
1467 3990 1490 4038 icl
1512 4002 1551 4040 est

256 4064 334 4126 larva,
361 4079 426 4127 qcrne
447 4063 540 4113 rustice
559 4064 652 4112 dicitur
672 4063 807 4111 tulotnasca
827 4072 872 4111 ,et
895 4061 1027 4126 Vergilius
1047 4064 1145 4124 (θεον-ῃ.
1162 4061 1182 4108 ll
1204 4061 1267 4121 389)
1288 4061 1390 4109 ‘oscilla
1409 4071 1433 4108 ct
1451 4063 1481 4118 tl.
1501 4063 1550 4123 cx)

255 4133 305 4182 altu
331 4135 489 4198 suspendunt
514 4134 599 4181 ntollia
630 4133 721 4196 piuu'.
743 4132 828 4181 oscilla
855 4147 913 4179 vcro
938 4132 1057 4180 «licuntur
1081 4144 1158 4195 parva
1184 4145 1242 4187 oca,
1268 4130 1394 4194 imagines
1424 4130 1549 4182 videlicet.

255 4217 320 4266 quae
340 4203 402 4252 lium
422 4220 453 4251 cx
473 4203 543 4266 liguo
563 4213 586 4250 et
607 4202 734 4255 vestibus.
758 4217 822 4262 quos
840 4203 917 4260 vulgo
935 4200 1046 4248 baclcstcl
1068 4208 1156 4248 vocant
1171 4236 1176 4246 .
1194 4200 1313 4248 «licuntur
1335 4209 1418 4246 autem
1438 4214 1453 4246 a
1473 4200 1550 4248 revbo

255 4272 356 4333 cillere,
380 4272 405 4321 icl
433 4282 470 4321 est
498 4270 831 4341 inurere.iucleplicuutur
849 4270 975 4329 furcillae,
996 4270 1062 4318 urcdc
1082 4279 1215 4317 vucmeutur
1234 4269 1360 4317 frumenta
1378 4268 1415 4316 ccl
1434 4267 1548 4319 bonico.

255 4341 372 4389 oscillum
391 4346 418 4397 ll.
440 4341 567 4398 osculum)
587 4351 610 4389 ct
630 4339 727 4389 basium
746 4349 769 4388 et
787 4341 902 4390 sitacium
923 4342 988 4388 iclcm
1004 4336 1055 4397 cs't;
1075 4339 1120 4388 secl
1135 4339 1238 4400 quidum
1257 4339 1350 4387 sarciunt
1370 4338 1549 4399 differentiam,

255 4410 368 4459 oscillum
386 4413 527 4476 religionis,
547 4410 645 4458 basium
665 4410 772 4469 umoris,
790 4411 906 4458 suavium
928 4409 1062 4474 voluptatis
1082 4409 1103 4456 l.
1150 4409 1166 4457 8
1185 4422 1229 4456 oco
1246 4408 1304 4454 -9
1319 4407 1448 4456 oraculum
1467 4421 1514 4457 otu.
1531 4408 1552 4455 S

303 4479 335 4529 ta
353 4481 492 4545 composito
508 4479 585 4537 -jb
600 4479 720 4528 tcvcacitas
738 4494 784 4530 om.
803 4479 823 4527 S
873 4478 1065 4529 lovacencos
1085 4493 1208 4527 rnrscmsr
1229 4491 1386 4526 cvnnnncmcr
1407 4491 1430 4527 vv
1451 4491 1549 4526 ruvmm

256 4538 508 4600 tuccvarunflausuan
529 4563 733 4599 connesramuu
752 4566 776 4600 av
796 4565 892 4598 enrncn
911 4564 1012 4598 censen
1031 4561 1114 4597 venru
1138 4562 1205 4596 rrum
1226 4548 1246 4594 C
1273 4559 1374 4595 simron
1394 4560 1488 4594 censos
1507 4562 1537 4595 sa

255 4633 350 4667 conaus
373 4631 441 4669 crum
467 4632 600 4669 ansuinus.
625 4633 651 4667 u.
670 4631 803 4667 exrosvrcs
828 4634 842 4667 a
863 4632 994 4668 roissiaco
1021 4630 1184 4666 cannnnarvco
1206 4617 1226 4664 G
1247 4631 1345 4665 sunere.
1366 4631 1413 4666 cro.
1435 4630 1451 4663 n
1471 4631 1549 4666 mccc.

254 4689 402 4738 ttu.ru.S
484 4688 515 4738 18
533 4687 793 4752 Scantio—gentem
812 4703 859 4737 ocu.
875 4688 895 4736 S
964 4696 1076 4748 genucio.
1094 4685 1180 4733 cliuicle
1198 4686 1314 4750 singulos
1335 4685 1552 4748 pedes.qnosC

337 4755 369 4804 to
391 4773 454 4821 quas
469 4783 500 4792 —
514 4757 749 4822 eenriseptenariam
765 4766 825 4820 post
847 4758 880 4807 '20
899 4756 1027 4822 spondeos
1044 4754 1154 4803 taleas
1235 4754 1269 4803 20
1289 4754 1364 4802 babet
1378 4782 1408 4791 -
1420 4753 1550 4818 spondeos

253 4840 299 4879 ona
319 4826 362 4877 CG
432 4826 607 4876 divide—21
628 4834 730 4892 gentem
751 4839 797 4875 om.
820 4827 841 4878 0
909 4825 943 4877 ’26
961 4825 1119 4874 adiunctab'
1224 4828 1227 4832 ’
