3352 5490
650 364 862 429 cumiano
1342 331 1402 431 ἰιι

106 574 203 637 saepe
233 552 330 614 etiarn
360 551 503 636 ineptum
534 559 598 630 est,
629 551 685 614 scd
719 552 816 613 etiarn
843 571 896 613 res
930 550 1035 635 ipsae,
1067 549 1107 612 de
1136 550 1256 635 quibus
1288 552 1406 634 agitur,

106 655 247 740 speciem
268 654 338 715 cius
362 652 494 732 aetatis,
526 673 608 737 quae
636 653 700 715 ianr
730 674 825 715 usum
851 663 883 715 et
911 653 1079 715 scientiam
1108 650 1246 714 Latinae
1275 651 1407 735 linguae

105 777 170 818 non
198 751 356 830 habebat,
390 773 468 836 prae
496 774 530 813 se
557 751 678 816 ferunt.
723 754 758 815 in
785 754 944 840 exemplis
973 774 1051 816 sero
1080 751 1223 816 barbara
1243 752 1405 838 quaedam

106 854 268 920 vocabula
297 854 351 915 hic
379 855 517 937 scriptor
537 856 662 940 posuit,
695 876 830 938 quorum
854 854 919 916 alia
939 875 1004 917 non
1024 855 1158 918 invenio
1180 854 1243 916 nisi
1264 875 1284 915 a
1306 855 1406 940 scrip-

107 956 233 1020 toribus
258 954 387 1016 infimae
410 955 526 1016 aetatis
548 963 706 1041 usurpata
734 975 821 1030 esse,
849 955 929 1029 alia,
957 976 1151 1042 quamquam
1177 957 1405 1041 nescioquam

107 1059 331 1121 auctoritatem
355 1055 510 1131 habeant,
537 1066 646 1118 uuillen
668 1077 688 1117 a
706 1054 868 1118 Prisciani
887 1066 975 1120 certe
997 1066 1105 1119 aetate
1127 1065 1160 1119 ct
1180 1055 1329 1119 doctrina
1351 1054 1406 1118 ab·

107 1160 249 1221 horrent.
295 1178 408 1218 vcrurn
430 1157 510 1219 hacc
532 1158 642 1218 orsinia
664 1159 697 1220 in
724 1168 873 1243 promptu
900 1167 986 1221 sunt.
1031 1179 1069 1220 ac
1097 1180 1138 1220 ne
1164 1156 1245 1220 illud
1275 1156 1406 1242 quidem

107 1260 202 1323 video
226 1256 389 1345 probabili
411 1258 538 1321 ratione
560 1257 726 1321 adlinnari
748 1281 861 1344 posse,
884 1260 1099 1345 antiquiorem
1121 1259 1263 1344 aliquem
1285 1257 1406 1345 librum

108 1384 128 1423 a
151 1360 320 1423 Prisciano
342 1359 497 1443 scriptum
522 1368 637 1443 postea
657 1363 690 1421 in
713 1359 798 1423 hanc
819 1358 973 1444 soranam,
1007 1381 1108 1446 quam·
1126 1372 1213 1423 nunc
1238 1357 1406 1440 habemus,

107 1461 273 1524 redactum
310 1481 413 1550 esse,
431 1458 488 1523 sed
521 1461 628 1545 potius
658 1461 788 1524 nomine
816 1459 1013 1524 nobilissimi
1041 1462 1247 1547 grammatici
1275 1470 1308 1524 et
1335 1469 1409 1546 post

107 1572 256 1626 octavum
280 1560 445 1624 saeculum
468 1560 719 1645 diligentissime
739 1563 869 1624 tractati
890 1562 1049 1650 inscripta
1071 1585 1142 1626 csse
1159 1571 1237 1649 puto
1253 1583 1300 1639 ca,
1323 1583 1409 1646 quae

108 1664 147 1727 de
175 1664 358 1750 quantitate
388 1675 420 1725 et
447 1664 712 1747 pronuntiatione
740 1661 973 1726 vocabulorum
1000 1662 1119 1749 aliquis
1151 1686 1194 1727 ex
1224 1663 1408 1750 praeceptis

107 1768 323 1851 antiquiorum
344 1765 629 1847 grammaticorum
650 1764 828 1848 collegerat
850 1775 882 1828 ct
904 1765 947 1829 ad
969 1787 1048 1829 suae
1069 1767 1187 1829 aetatis
1208 1786 1303 1828 usum
1325 1763 1407 1826 satia

107 1866 277 1951 pueriliter
297 1875 521 1950 conposuerat.
1286 1855 1289 1859 ⁸

193 1967 233 2030 ln
255 1966 424 2031 codicibus
456 1968 654 2031 autemnon
676 1968 787 2032 inveni
811 1968 897 2033 hunc
918 1967 1037 2033 librum
1058 1968 1215 2054 scripturn
1239 1988 1311 2031 esse
1334 1974 1409 2028 unte

107 2069 317 2132 undecimum
345 2068 521 2132 sacculum.
567 2071 638 2131 eius
666 2077 774 2132 autem
801 2071 904 2156 ipsius
936 2072 1054 2134 aetatis
1090 2092 1187 2156 quam
1222 2068 1293 2132 dixi
1327 2067 1408 2130 dnos

108 2170 209 2234 libros
232 2170 317 2251 vidi,
341 2168 479 2233 alterum
503 2168 761 2247 Leidensem,
784 2173 842 2257 qui
859 2181 908 2234 est
926 2173 1012 2235 inter
1027 2171 1157 2233 codices
1176 2170 1408 2232 Perizonia'nos

108 2271 211 2334 sonna
232 2272 376 2334 maxima
395 2271 685 2356 quinquagesimus
708 2272 855 2356 quintus,
879 2271 1015 2335 alterum
1039 2262 1408 2356 Guelferbytanum

108 2374 194 2436 inter
214 2373 426 2456 Augustanos
449 2372 554 2435 forma
575 2370 735 2456 quadrata
757 2373 977 2435 undecimum.
1023 2372 1178 2458 equibus
1201 2371 1407 2451 Leidensem,

108 2496 203 2560 (parem
220 2474 394 2559 descripsit
405 2472 541 2537 Geelius
556 2474 589 2535 in
606 2471 756 2558 catalogo
773 2472 929 2537 librorum
946 2496 1044 2537 manu
1056 2475 1317 2561 scriptorumqui
1331 2471 1409 2535 inde

108 2576 149 2638 ab
168 2597 253 2638 anno
281 2579 354 2639 t'ill
376 2573 595 2638 bibliothecae
617 2573 942 2660 Lugduno-Batavae
968 2585 1176 2638 accesserunt
1201 2598 1230 2660 p.
1251 2578 1304 2636 151
1327 2594 1409 2659 sqq,

108 2675 405 2740 Heilbrnnnensem
431 2674 508 2739 olim
531 2675 635 2739 fuisse
659 2675 806 2739 indicant
830 2674 926 2756 haec,
957 2697 1040 2762 quae
1063 2677 1096 2738 in
1119 2685 1267 2739 extrema
1288 2675 1410 2761 pagina

111 2777 297 2862 subscripta
313 2785 390 2840 sunt
410 2775 513 2839 ‘liber
527 2777 623 2841 beate
639 2778 741 2840 marie
758 2778 899 2862 uirginis
914 2778 948 2840 in
965 2776 1147 2864 hailprun'.
1170 2798 1245 2840 narn
1261 2777 1309 2837 ita
1328 2774 1410 2836 haec

109 2881 142 2943 in
172 2879 285 2942 codice
313 2880 395 2963 legi,
430 2899 495 2941 non
523 2880 576 2941 ‘in
604 2878 785 2964 haygrim’,
813 2879 900 2964 quod
929 2879 1119 2943 dubitanter
1146 2877 1238 2941 dedit
1263 2875 1408 2940 Geelius.

108 2992 222 3064 postca
236 2980 277 3043 ad
290 2982 492 3043 (ironovium
511 2981 669 3065 pervenit,
690 3002 732 3044 ex
751 2982 843 3044 cuius
862 2980 1061 3045 bibliotheca
1078 3001 1114 3044 se
1130 2982 1248 3043 emisse
1263 2977 1409 3043 codicem

109 3085 142 3146 in
164 3083 269 3168 prima
291 3083 413 3167 pagina
433 3089 572 3144 testatur
594 3081 710 3146 Petrus
726 3082 925 3146 Bondarnua.
970 3083 1115 3145 eontinet
1137 3090 1244 3145 autem
1268 3079 1291 3143 f.
1307 3082 1409 3143 t-aa

109 3183 272 3247 Prisciani
294 3183 414 3245 librum
436 3184 611 3268 septimum
635 3182 795 3247 decimum
819 3194 852 3247 ct
874 3195 1024 3247 octavum
1046 3183 1223 3247 decimum:
1246 3182 1409 3270 faa-48

109 3285 194 3348 hunc
214 3283 254 3347 dc
270 3283 457 3346 accentibus
472 3283 609 3367 librum,
629 3285 682 3347 cui
704 3287 884 3349 recentiore
906 3306 1004 3348 manu
1027 3285 1211 3372 adscriptus
1229 3292 1280 3348 est
1295 3279 1410 3345 titulus

106 3392 250 3465 prosodia
272 3391 425 3448 Prisciani
448 3391 568 3464 incipit:
602 3384 625 3448 f.
648 3391 689 3451 lh
711 3409 782 3472 sqq.
812 3386 934 3451 Donati
961 3386 1108 3450 libellum
1139 3387 1180 3450 dc
1207 3385 1411 3451 barbarismo

111 3489 293 3572 ceterisque
324 3487 413 3549 vitiis
447 3488 614 3549 orationis.
661 3488 942 3574 Guelferbytanus
969 3497 1078 3552 autem
1104 3488 1226 3570 codex,
1259 3486 1316 3574 qui
1349 3484 1413 3548 suit

112 3589 189 3652 olim
210 3590 244 3652 S.
268 3586 439 3651 hlichaelis
459 3589 647 3652 monasterii
669 3588 993 3667 Hildeshcimiensis,
1020 3612 1072 3653 ex·
1092 3590 1234 3654 diversis
1254 3587 1413 3652 membra·

111 3714 225 3755 narurn
251 3690 417 3754 fasciculis
446 3690 648 3774 conpositus,
680 3712 778 3754 unum
808 3689 908 3755 habet
936 3694 1183 3776 quaternionem
1211 3700 1245 3754 et
1273 3688 1412 3753 schedas

111 3794 270 3878 quinque,
295 3792 519 3872 f.128-1ui,
542 3794 577 3855 in
600 3791 719 3877 quibus
742 3792 941 3856 membranis
962 3791 1076 3857 eadem
1092 3791 1320 3877 manuscripti
1336 3796 1413 3853 sunt

110 3902 177 3957 tres
199 3893 276 3958 libri
295 3894 514 3977 grammatici,
537 3880 677 3979 primum
699 3894 942 3958 [ΙΝ-131*
964 3893 1086 3958 Donati
1108 3892 1254 3969 libellus,
1284 3898 1350 3956 Vox
1368 3900 1414 3955 est

112 4016 166 4058 ner
187 4001 261 4059 ictus
279 4002 404 4058 ——cola
424 4007 453 4058 ct
471 4007 631 4071 commata,
662 3995 780 4059 deinde
808 3996 831 4058 f.
857 3997 1070 4061 tan-134*
1099 3994 1204 4059 Servii
1227 3994 1268 4058 dc
1289 3992 1412 4057 ultimis

111 4096 249 4182 syllabis
272 4097 369 4179 liber,
403 4101 523 4187 Sensim
544 4101 706 4160 honoratas
726 4102 860 4175 (canitiae
883 4134 919 4143 -
941 4103 1085 4175 positione
1105 4104 1212 4174 longae
1232 4105 1315 4172 sunt,
1341 4102 1412 4156 tum

111 4199 135 4261 f.
163 4199 284 4262 l3l*-
299 4202 374 4263 140*
401 4204 553 4262 Prisciani
577 4205 770 4276 pranmatici
792 4203 830 4262 de
855 4203 1025 4263 accentibus
1052 4203 1128 4262 tiber
1149 4204 1267 4277 incipit,
1299 4200 1413 4258 Littera

110 4309 154 4362 cst
178 4336 211 4345 -
235 4319 429 4378 peperunt.
474 4308 621 4363 recentes
644 4300 773 4364 codices
796 4299 866 4364 vidi
887 4298 986 4379 duos,
1005 4300 1191 4365 Parisinum
1215 4300 1298 4361 7553
1320 4295 1413 4360 char·

110 4410 238 4464 tacemn
259 4402 372 4486 quinto
396 4401 521 4466 decimo
545 4400 674 4464 saeculo
697 4401 870 4488 scripturn,
899 4405 954 4488 qui
976 4424 1050 4466 curn
1071 4390 1258 4465 recentibus
1280 4397 1413 4485 quibus·

115 4502 189 4565 darn
213 4500 370 4565 Italorum
397 4501 562 4567 hominum
587 4501 709 4566 libellis
733 4503 840 4567 Servii
868 4503 986 4568 librum
1013 4504 1055 4568 de
1077 4502 1200 4567 ultimis
1223 4500 1359 4588 syllabis
1382 4508 1414 4562 et

112 4601 331 4667 ‘Priscianum
363 4604 618 4668 Caesareensem
651 4603 691 4667 de
722 4604 928 4670 accentibus'
959 4606 1120 4682 continet,
1152 4614 1184 4667 et
1217 4602 1414 4667 Leidensem

111 4704 191 4768 bibl.
214 4705 303 4791 publ.
331 4707 390 4770 186
413 4704 711 4783 membranaceum,
746 4707 780 4770 in
809 4730 873 4793 quo
900 4716 974 4794 post
994 4705 1158 4771 Prisciani
1186 4705 1227 4769 de
1248 4711 1413 4769 construc-

111 4807 199 4869 tione
227 4805 330 4870 libros
358 4805 551 4873 duodecimo
579 4807 710 4873 sacculo
737 4810 877 4894 scriptos
902 4808 1007 4873 additi
1037 4816 1115 4873 sunt
1142 4816 1259 4893 quarto
1287 4804 1414 4870 decimo
1479 4814 1484 4822 '

164 4929 372 4971 arrauuarrcr
393 4930 505 4972 aurini
528 4932 576 4974 111.
803 4966 810 4977 .
1170 4910 1211 4973 26
