3352 5490
427 349 675 411 Pattxtxturtss
697 350 750 410 Xll
772 350 877 412 vtttts.
900 350 983 410 AEN.
1008 350 1056 410 Xl.
1084 359 1228 413 tes—suo
1420 347 1482 426 509

256 465 363 504 aaran
374 464 397 504 r.
1295 462 1354 505 ‚sao
1370 463 1394 502 st
1404 462 1430 503 a.

187 477 271 614 goul,
295 537 393 596 tuturo
413 536 524 613 surgito
545 545 593 609 tu,
616 536 728 613 surgito
750 536 815 609 ille,
837 537 995 613 surgitote,
1018 544 1138 614 surgant
1157 534 1201 594 vel
1223 474 1381 611 surguutm
1400 544 1483 613 opta·

187 637 245 697 tiro
268 637 378 697 utinam
396 655 547 714 surgerem
568 638 760 698 surrexissem
783 655 918 712 snrgaru;
947 637 1131 697 subiunctiso
1149 655 1216 697 eum
1239 654 1356 714 surgam
1380 653 1483 712 surge-

187 758 250 799 rem
277 738 452 798 surrexerim
480 738 673 798 surrexissem
702 758 873 814 surrexero;
896 739 1037 799 infinitivo
1060 756 1181 816 surgere
1204 738 1365 798 surrexisse
1385 756 1483 798 surre-

189 849 267 901 ctum
291 840 333 899 ire
356 838 399 898 rel
418 848 620 900 surrecturum
630 858 712 900 esse.
736 840 943 919 impersonalia
964 839 1119 899 indicativo
1136 839 1280 916 surgitur,
1297 838 1482 916 surgebatur,

166 949 354 1008 ssurrectum
376 949 421 1000 est
437 939 479 998 rel
497 950 662 1001 surrectum
680 941 749 1011 sitit,
773 949 938 1002 surrectum
955 948 1016 1001 erat
1037 940 1081 1000 vel
1099 949 1263 1000 surrectum
1286 940 1395 1011 luerat,
1418 958 1483 999 sur·

189 1046 291 1121 getur;
319 1042 489 1121 imperativo
518 1050 671 1119 surgatur;
705 1042 832 1120 optativo
861 1043 969 1103 utinam
999 1051 1184 1120 surgeretur,
1214 1051 1377 1102 surrectum
1405 1049 1484 1101 esset

189 1144 232 1203 rel
250 1153 414 1203 surrectum
437 1143 556 1216 luisset,
579 1151 730 1220 surgatur3
754 1143 938 1204 subiunctixo
959 1162 1025 1204 cum
1040 1151 1193 1220 surgatur,
1214 1153 1397 1220 surgeretur,
1417 1162 1482 1203 sur·
1500 1151 1551 1202 203

188 1255 301 1306 rectum
324 1246 362 1306 sit
384 1244 427 1303 rel
450 1253 615 1305 surrectum
632 1245 734 1314 luerit,
759 1255 922 1304 surrectum
943 1252 1022 1304 esset
1037 1245 1080 1305 vel
1100 1255 1264 1304 surrectum
1283 1245 1395 1314 luisset,
1420 1263 1484 1303 sur·

189 1357 301 1407 rectum
321 1346 376 1406 erit
390 1345 433 1404 rel
450 1354 614 1406 surrectum
637 1346 739 1419 luerit;
763 1346 873 1405 infinita
894 1345 1099 1425 impersonalis
1118 1346 1213 1422 surgi,
1236 1354 1399 1406 surrectum
1418 1363 1484 1405 esse

158 1448 235 1514 ‚orel
255 1454 418 1507 surrectum
442 1447 549 1520 luisse,
571 1454 735 1506 surrectum
760 1447 804 1507 iri.
849 1447 953 1526 supina
973 1447 1111 1526 surgendi
1136 1448 1283 1526 surgendo
1305 1447 1483 1524 surgentium

192 1558 357 1610 surrectum
374 1555 517 1607 surrectu.
541 1548 692 1626 participia
716 1548 878 1627 praesentis
898 1567 1039 1624 surgens,
1062 1548 1152 1607 luturi
1171 1555 1367 1608 surrecturus.
1398 1547 1484 1607 etiam

191 1667 298 1710 nomen
334 1657 380 1709 est
410 1656 581 1722 surrectus,
610 1649 756 1725 quomodo
786 1659 901 1712 rectus.
937 1668 1003 1711 cum
1036 1657 1116 1710 caret
1149 1656 1290 1726 tempore.
1333 1648 1484 1708 sciendum

191 1759 305 1820 minen,
325 1749 402 1826 quod
426 1748 549 1828 simplex
569 1748 632 1809 eius
656 1750 733 1810 verbi
756 1751 881 1811 activum
903 1759 949 1811 est
971 1769 1056 1828 rego:
1086 1749 1154 1809 lacit
1175 1749 1251 1808 enim
1274 1767 1368 1826 regor.
1406 1768 1486 1808 com·
1534 1792 1541 1807 .

192 1851 287 1931 posita
311 1859 408 1911 autem
423 1849 460 1912 ab
480 1869 515 1910 eo
532 1850 675 1928 quaedam
696 1852 725 1910 in
749 1851 923 1911 neutralium
942 1860 1097 1911 transeunt
1116 1851 1375 1928 significationem,
1397 1868 1487 1928 quae-

159 1975 183 2016 ts
194 1952 261 2013 dam
284 1960 457 2033 permanent
485 1952 514 2011 in
541 1951 742 2031 simplicitate,
773 1961 805 2013 ut
822 1971 914 2033 pergo
936 1970 1025 2029 surgo
1048 1953 1188 2012 neutralia
1212 1960 1295 2025 sunt,
1319 1952 1411 2030 dirigo
1435 1971 1487 2012 au·

193 2062 251 2114 tem
280 2065 309 2114 et
334 2053 453 2132 porrigo
486 2051 546 2112 sire
573 2071 665 2132 purgo
693 2062 723 2113 et
748 2054 845 2131 arrigo
867 2064 896 2114 et
918 2054 1033 2129 corrigo
1060 2054 1173 2113 correxi
1197 2054 1288 2113 activa
1311 2061 1388 2113 sunt.
1434 2053 1487 2131 llic
1503 2059 1555 2111 ‘204

193 2155 287 2217 abeo
315 2155 393 2234 qnod
423 2163 469 2214 est
497 2172 586 2232 surgo
612 2173 721 2214 nomen
744 2154 868 2215 verbale.
914 2155 1070 2216 Surrector
1091 2164 1120 2215 et
1148 2155 1322 2226 surrectrix,
1349 2155 1412 2233 ipsa
1439 2173 1487 2215 res

194 2257 338 2320 surrectio
362 2265 392 2316 et
413 2266 574 2318 surrectus.
621 2256 681 2317 Cur
702 2273 773 2332 rego
798 2257 859 2317 rexi
878 2256 958 2330 fucit
976 2261 1169 2332 praeteritum
1186 2253 1380 2332 perlectum?
1413 2254 1487 2325 Ouia

194 2359 224 2420 in
243 2378 279 2437 go
299 2358 461 2419 desinentia
485 2377 500 2418 r
520 2357 729 2428 antecedente,
750 2359 776 2419 si
798 2377 856 2417 non
872 2358 932 2417 sint
951 2376 967 2417 a
989 2376 1059 2434 rego
1080 2357 1257 2437 composita,
1280 2357 1309 2417 in
1330 2357 1354 2417 si
1378 2357 1487 2417 iaciunt

159 2468 400 2541 repraeterttum,
419 2468 452 2521 ut
469 2455 578 2541 merlgo
598 2459 703 2531 mersi,
727 2467 809 2536 tergo
832 2460 919 2532 tersi,
943 2477 1049 2538 spargo
1072 2459 1182 2538 sparsi3
1204 2459 1259 2518 alia
1281 2459 1378 2519 omnia
1398 2459 1428 2518 in
1450 2459 1488 2530 xi,

196 2570 228 2622 ut
256 2580 332 2638 ango
363 2562 445 2633 anxi,
474 2561 563 2641 pingo
592 2560 685 2638 pinxi,
715 2564 794 2639 tingo
817 2561 905 2635 tinxi,
934 2563 1064 2642 exceptis
1094 2562 1158 2639 lego
1180 2561 1252 2638 legi,
1282 2561 1384 2638 frango
1406 2561 1488 2638 fregi,

196 2663 326 2742 impingo
352 2663 475 2742 impegi,
505 2670 593 2740 tango
622 2661 718 2739 tetigi,
745 2680 845 2741 pungo
874 2664 985 2742 pupugi
1008 2672 1038 2723 et
1059 2664 1158 2743 punxi.
1203 2683 1218 2723 a
1242 2662 1306 2740 lego
1328 2663 1489 2742 composita

196 2765 337 2824 mutantia
359 2764 494 2842 primitivi
517 2763 758 2841 significationem
778 2773 894 2825 mutant
910 2774 938 2825 et
955 2764 1160 2844 praeteritum,
1182 2764 1271 2842 diligo
1287 2764 1383 2837 dilexi,
1405 2763 1490 2824 iutel-

196 2865 262 2944 lego
285 2863 423 2939 intellexi,
442 2861 584 2947 neglellgo
606 2865 729 2942 neglexi.
1476 2847 1479 2851 ⁵

163 2989 189 3030 as
283 2967 423 3027 Aurora
444 2984 519 3044 quae
541 2984 611 3045 pars
634 2967 774 3027 orationis
797 2965 862 3027 est?
890 2966 1012 3028 Nomen.
1057 2965 1171 3038 Quale?
1193 2968 1355 3048 Proprium.
1391 2967 1491 3029 Potest
1509 2982 1561 3035 205

199 3076 313 3141 tamem
341 3067 458 3145 quaudo
486 3086 542 3146 pro
573 3066 620 3128 die
651 3068 807 3147 accipitur,
835 3068 900 3130 loco
928 3069 1094 3149 appellativi
1122 3069 1231 3149 accipi:
1275 3058 1491 3147 quando'enim

199 3170 283 3230 deam
313 3169 472 3247 signilieat,
501 3168 653 3247 proprium
684 3176 737 3230 est.
783 3170 874 3231 Citius
905 3180 950 3232 est
978 3169 1109 3251 speciei?
1142 3171 1337 3245 llerit·atix·ae;
1364 3171 1400 3231 alt
1423 3191 1492 3231 aura

200 3272 277 3331 enim
301 3270 407 3330 dicitur
428 3272 549 3330 Aurora.
593 3269 711 3349 proprie
734 3271 811 3331 euim
835 3272 899 3351 ipse
920 3292 1062 3334 ascensus
1086 3272 1171 3345 solis,
1195 3273 1222 3332 id
1242 3283 1286 3333 est
1309 3274 1401 3352 prima
1426 3293 1493 3352 pars

200 3371 272 3446 diei,
300 3365 405 3432 aur'ora
429 3371 550 3440 dicitur,
577 3370 606 3430 in
628 3389 684 3447 qua
706 3371 780 3432 solet
799 3372 886 3452 pulsu
912 3373 984 3434 solis
1006 3392 1057 3434 aer
1079 3383 1242 3434 commotus
1263 3393 1363 3435 auram
1387 3375 1492 3435 lacere.

164 3473 248 3540 soalii
278 3480 375 3533 autem
410 3491 427 3532 a
459 3471 615 3551 splendore
643 3471 713 3533 solis
742 3474 849 3534 dictam
875 3483 988 3555 putant.
1032 3485 1147 3556 ponunt
1180 3485 1276 3537 autern
1308 3495 1408 3536 auram
1440 3496 1495 3556 pro

201 3574 359 3655 splendore
386 3581 461 3633 teste
483 3581 568 3653 poeta
591 3573 621 3633 in
642 3574 677 3633 Vl
701 3576 886 3639 Aeneidos

353 3674 525 3737 discolor
549 3676 643 3735 unde
663 3696 752 3737 auro
775 3697 840 3756 per
858 3698 977 3740 ramos
995 3697 1081 3740 aura
1105 3679 1272 3752 relulsit,

202 3778 229 3839 id
251 3785 297 3838 est
318 3776 467 3856 splendor.
511 3777 579 3837 inde
601 3777 688 3838 etiam
710 3797 811 3839 aurum
834 3781 958 3855 dicitur,
980 3790 1009 3841 et
1030 3782 1135 3843 aurarii
1157 3782 1205 3859 qui
1228 3781 1375 3842 lareribus
1398 3782 1497 3862 splen·
1540 3850 1545 3858 ,

203 3880 302 3951 didos,
327 3878 385 3938 lroc
408 3885 454 3937 est
476 3878 588 3954 claros,
617 3879 743 3953 faciunt,
765 3890 794 3941 et
818 3883 936 3960 aurigae
960 3883 1009 3960 qui
1028 3882 1216 3962 splendorem
1241 3883 1297 3944 sibi
1319 3892 1424 3960 agunt,
1448 3884 1497 3961 qui

168 3983 237 4047 sstit
259 3980 338 4042 auris
361 3979 476 4058 pupuli,
500 3979 556 4041 ltoc
576 3989 623 4041 est
644 3980 831 4042 clamoribus.
864 3984 953 4044 Cuius
977 3992 1022 4043 est
1041 3982 1178 4059 generis?
1203 3984 1361 4056 Femiuini,
1385 3985 1497 4044 numeri

204 4080 375 4159 singulariS,
408 4082 517 4156 figurae
546 4080 704 4160 simplicis,
734 4103 821 4143 casus
851 4084 1017 4144 nominativi
1042 4093 1071 4144 et
1093 4084 1230 4157 vocativi,
1255 4084 1301 4144 ltie
1324 4094 1421 4144 autem
1445 4104 1498 4145 no·
1558 4077 1567 4087 ”

204 4181 332 4243 minatiri
356 4180 510 4257 (ablativus
529 4190 627 4243 autem
642 4182 670 4242 in
695 4203 710 4243 a
734 4185 906 4263 productam
928 4185 1128 4262 terminatur),
1152 4185 1356 4245 declinationis
1377 4185 1497 4263 primae.

275 4335 286 4384 l
309 4342 415 4400 surgant
435 4334 474 4382 vel
493 4333 573 4382 onaS
647 4336 675 4384 12
698 4350 789 4384 nomen
808 4347 847 4386 est
866 4345 994 4387 surrectus
1010 4336 1032 4386 S
1048 4352 1139 4386 nomeu
1158 4344 1195 4386 est
1213 4348 1372 4387 surrecturus
1390 4339 1432 4388 OG

208 4405 238 4454 15
257 4406 420 4469 simplicitate
434 4403 475 4453 CS
495 4403 619 4468 simplicis
638 4404 660 4453 G
678 4406 785 4471 simplici
807 4406 831 4454 l.
889 4405 917 4455 16
936 4418 960 4454 ct
974 4408 1075 4472 corrigo
1094 4409 1193 4455 correxi
1213 4424 1259 4455 out.
1281 4408 1302 4455 G
1369 4409 1399 4458 17
1419 4409 1501 4474 ipsam

206 4489 258 4523 rem
279 4474 343 4523 eus
413 4473 444 4521 ta
462 4483 590 4521 surrectus
608 4489 653 4522 cur
671 4490 734 4539 rego
753 4477 807 4525 rexi
821 4515 828 4528 .
843 4477 868 4524 ln
888 4489 922 4541 go
937 4479 1024 4526 retteto
1038 4485 1098 4538 post
1114 4477 1168 4525 rexi
1187 4478 1273 4540 uiginti
1286 4476 1345 4537 sere
1362 4480 1503 4528 litterarum

204 4549 289 4607 spolio
306 4544 328 4591 G
346 4551 475 4591 surrectus
493 4542 518 4590 in
537 4558 570 4606 go
589 4543 610 4592 0
630 4553 760 4594 surrectus
779 4545 847 4608 quod
867 4547 891 4593 iu
908 4559 957 4611 go,
976 4548 1150 4609 ertperama'pto
1168 4556 1192 4594 et
1214 4546 1351 4595 notandum
1369 4557 1427 4609 post
1444 4565 1502 4598 sur·

207 4614 322 4663 rectusS
391 4612 425 4659 20
438 4621 509 4676 tergo
528 4622 552 4660 et
568 4612 694 4661 secundae
713 4614 889 4664 declinationis
908 4623 946 4664 est
963 4625 988 4664 et
1002 4617 1111 4665 tertiae.
1131 4616 1197 4663 nude
1210 4614 1328 4665 Sedulius
1347 4616 1501 4668 descendam

206 4682 251 4743 (dc
272 4681 383 4732 secunda
401 4683 506 4730 coniecit
524 4681 717 4743 Lindemonnus)
731 4698 776 4730 nec
795 4695 894 4749 tergere
906 4699 992 4734 sacras
1006 4699 1051 4734 nee
1064 4695 1147 4734 cessat
1162 4685 1272 4733 lambere
1291 4687 1391 4750 plautas
1410 4687 1433 4736 l.

206 4752 237 4802 at
260 4753 287 4800 in
306 4751 338 4797 Vt
353 4747 491 4812 Aeneidos]
510 4766 533 4803 a.
545 4749 597 4800 204
667 4753 701 4803 32
720 4751 857 4803 retotxttc
925 4753 1181 4805 astoriscsoen.
1200 4755 1502 4806 aurib.Galanorilrus

206 4835 220 4869 a
293 4819 458 4870 3‘lterminat
476 4819 518 4870 OG
