3352 5490
183 392 205 439 x
728 379 936 444 PRAEFATIO

184 565 274 655 toph.
297 565 384 631 Pluti
407 590 439 632 v.
461 568 523 631 236
545 564 604 650 (cf.
626 566 724 630 etiam
747 564 956 651 Spengelium
975 564 1069 630 Varr.
1090 589 1123 652 p.
1143 566 1218 651 629)
1246 566 1341 649 dicit,
1361 591 1473 634 omnes

122 735 124 739 Α
183 669 271 736 locos
295 692 336 734 ex
356 668 589 754 Aristophanis
605 668 701 731 Pluto
718 667 934 753 Nubibusque
955 669 1090 754 petitos,
1113 689 1193 755 quos
1212 668 1386 734 Putschius
1408 694 1483 739 uon,

183 772 352 853 exhibeat,
387 775 420 834 in
448 752 586 851 Aldina,
617 790 700 854 quae
727 777 806 832 vett.
835 768 905 833 scil.
935 768 1009 833 edd.
1042 771 1078 835 in
1103 771 1154 835 his
1186 773 1349 858 sequitur,
1384 783 1472 837 ortos

182 896 254 937 esse
277 883 308 937 ‘e
326 872 413 936 mala
436 869 609 936 sedulitate
629 869 767 933 alicuius
786 869 897 934 forsan
916 870 1049 935 lacunas
1071 872 1204 960 explere
1225 873 1417 956 studentis’,
1440 875 1473 938 id

182 977 229 1038 ita
251 974 401 1060 equidem
422 995 543 1058 augere
558 972 682 1052 ausim,
702 980 738 1035 ut
753 972 947 1035 contendam
963 976 1197 1056 omnesrlocos,
1218 996 1299 1061 quos
1321 977 1472 1062 equidem

182 1079 216 1142 in
239 1078 289 1142 ed.
311 1097 384 1139 mea
404 1097 468 1139 non
497 1077 531 1138 iu
548 1073 733 1138 ¹verborum
761 1073 908 1138 ordinem
938 1077 1131 1162 receperim,
1159 1078 1305 1163 exceptis
1331 1078 1472 1141 fortasse

181 1179 247 1243 illis
271 1176 415 1259 duobus,
437 1175 495 1240 tali
517 1173 761 1260 interpolationi
784 1177 944 1262 originem
969 1176 1098 1242 debere.
1143 1177 1289 1242 Putsehii
1309 1200 1386 1243 vero
1407 1202 1471 1242 mc·

108 1275 110 1279 ’
180 1280 244 1343 rita
266 1278 343 1342 inde
371 1286 549 1362 augentur,
577 1275 662 1362 quod
688 1299 747 1361 per
776 1282 956 1340 extremam
984 1276 1068 1342 hanc
1097 1278 1171 1344 libri
1200 1278 1319 1371 XVIII
1345 1290 1470 1365 partem

179 1383 303 1466 primus
332 1388 478 1443 votorum
506 1378 661 1443 librorum
689 1376 861 1442 lectionem
894 1379 937 1442 ad
967 1377 1175 1444 collationem
1207 1381 1365 1467 imprimis
1398 1382 1469 1445 ced.

180 1482 383 1568 Scaligcrani
410 1476 625 1545 instauratam
653 1478 766 1541 scdulo
793 1478 936 1564 protulit.
982 1481 1088 1566 ipsum
1126 1480 1347 1563 Prisciauum,
1378 1484 1470 1546 cuius

178 1584 325 1649 ordinem
353 1582 593 1668 apospasmatio
622 1579 678 1643 illo
700 1579 945 1666 minoribusque
973 1581 1170 1667 quibusdam
1198 1582 1401 1648 emblematis
1423 1587 1469 1647 in·

178 1688 273 1749 sertis
294 1706 352 1770 per
374 1684 458 1747 hanc
477 1684 574 1747 ctiam
598 1683 704 1767 operis
733 1689 858 1767 partem
883 1683 1006 1767 passim
1034 1683 1201 1748 turbatum
1222 1705 1295 1747 esse
1317 1684 1469 1766 vidimus,

178 1809 238 1875 per
259 1786 485 1849 ‘Atticismos'
509 1784 618 1847 ubivis
648 1781 746 1870 plene
775 1790 939 1845 servatum
967 1805 1124 1849 essenon
1151 1785 1390 1850 contenderim:
1413 1809 1470 1850 cx-

178 1889 328 1952 ciderunt
351 1896 437 1949 certe
460 1885 656 1971 aliquotiens
675 1881 825 1969 exempla
847 1887 1038 1970 praesertim
1055 1886 1200 1967 Graeca,
1223 1907 1329 1973 neque
1352 1889 1469 1952 desunt

178 1989 327 2075 exempla
351 1987 464 2050 talium
492 1986 682 2050 lacunarum
712 1984 905 2066 manifesta,
936 1987 1086 2071 quamvis
1115 1988 1149 2050 in
1176 1987 1218 2051 iis
1240 1987 1467 2072 significandis

177 2089 274 2177 paulo
292 2089 389 2153 nimis
412 2087 579 2152 sedulitati
595 2085 755 2150 Prisciani
779 2086 920 2150 confisus
941 2109 1013 2151 esse
1029 2087 1179 2152 videatur
1193 2088 1397 2174 Spengelius,
1415 2091 1467 2154 vir

177 2201 338 2274 ceterum,
372 2189 406 2253 id
432 2189 519 2276 quod
548 2209 660 2252 omnes
684 2189 807 2269 sciunt,
840 2188 880 2251 de
909 2195 977 2253 tota
1002 2188 1064 2253 hac
1090 2198 1183 2277 parte
1208 2191 1409 2253 recensenda
1436 2201 1468 2255 et

179 2291 382 2356 emendanda
402 2289 490 2354 ultra
516 2289 631 2353 laudes
659 2310 748 2352 meas
772 2290 920 2365 meritus,
948 2290 989 2354 ad
1018 2291 1165 2375 singulas
1187 2312 1266 2354 usus
1288 2292 1467 2355 varietates

178 2416 197 2457 a
216 2395 387 2457 Prisciano
402 2393 586 2478 propositas
608 2390 737 2475 singula
753 2378 913 2476 quaerens
935 2392 1094 2478 exempla.
1123 2391 1158 2456 id
1172 2392 1259 2478 quod
1273 2391 1314 2456 ab
1336 2401 1466 2457 auctore

176 2518 242 2559 non
265 2505 330 2559 tam
359 2494 457 2556 anxie
485 2501 649 2556 servatum
679 2512 752 2556 esse
777 2491 871 2554 multi
898 2491 961 2557 loci
982 2493 1096 2557 Latini
1124 2493 1296 2558 ostendere
1317 2504 1465 2581 possunt,

180 2598 235 2684 qui
266 2595 386 2659 talibus
416 2593 673 2659 dubitationibus
705 2594 764 2658 vix
794 2614 908 2657 ansam
935 2594 1109 2681 praebent,
1141 2597 1292 2682 quamvis
1319 2618 1380 2659 nee
1401 2598 1466 2683 ipsi

176 2700 308 2785 plenam
338 2694 560 2783 exemplorum
597 2695 743 2760 tabulam
774 2696 877 2760 variis
905 2695 1020 2760 usibus
1047 2695 1081 2759 in
1108 2694 1260 2761 lemmate
1292 2699 1466 2785 propositis

174 2807 408 2886 congruentem
428 2801 628 2862 contineant.
702 2832 733 2881 0

262 2901 426 2989 Equidem
446 2899 518 2967 cod.
538 2900 568 2964 R
591 2909 623 2963 ct
643 2920 800 2962 unacum
829 2919 866 2961 eo
886 2897 962 2962 inde
980 2919 1000 2961 a
1021 2896 1078 2963 lib.
1098 2898 1218 2963 XVIII
1241 2904 1261 2981 ξ
1282 2902 1323 2963 92
1343 2900 1414 2965 cod.
1436 2901 1467 2964 V

172 3005 377 3092 potissimum
407 3010 538 3065 secutus
567 3001 735 3087 archetypi
763 3000 938 3084 imaginem
966 3001 1138 3065 restituere
1170 3009 1306 3065 conatus
1336 3025 1425 3082 sum,
1447 3024 1467 3064 a

173 3126 371 3199 queomncs
394 3103 471 3168 libri
499 3104 603 3168 nostri
623 3103 778 3188 pendent.
811 3122 877 3186 qua
901 3102 934 3163 in
962 3122 997 3165 re
1020 3123 1040 3164 a
1059 3102 1192 3166 librario
1222 3101 1294 3166 cod.
1315 3103 1353 3184 R,
1377 3102 1464 3165 fidis·

173 3209 254 3270 simo
279 3229 316 3271 eo
334 3226 439 3289 usque
462 3206 589 3279 comite,
613 3204 667 3267 lib.
688 3203 808 3267 XVIII
832 3206 851 3282 ξ
875 3205 936 3265 279
959 3202 1136 3267 destitutus
1168 3224 1255 3284 suin,
1284 3225 1359 3266 cum
1381 3204 1408 3267 is
1430 3206 1463 3267 in

173 3329 244 3372 voc.
268 3306 457 3390 ‘genetivo'
480 3303 658 3367 desineret:
684 3305 827 3389 suscepit
856 3305 925 3367 eius
941 3305 1143 3390 provinciam
1165 3302 1271 3367 alm.
1294 3326 1398 3390 usque
1421 3305 1463 3368 ad

172 3401 388 3471 οἰκειοτάτων
410 3405 522 3486 §2883
547 3413 695 3468 extrema
716 3427 794 3468 vere
816 3404 945 3470 addidit
969 3427 1085 3470 manus
1111 3407 1304 3470 correctoris
1325 3428 1359 3488 r,
1380 3427 1463 3491 quae

172 3510 302 3573 Graeca
316 3506 418 3569 multa
439 3505 555 3570 omisit.
586 3504 637 3568 his
659 3505 827 3570 codicibus
847 3509 902 3594 qui
918 3514 1088 3594 praeterea
1104 3506 1298 3571 accederent
1311 3509 1463 3593 quodque

172 3631 282 3674 eorum
310 3608 451 3695 pretium
474 3616 560 3671 esset
584 3606 895 3671 statuendum'satis
918 3607 994 3674 olim
1018 3609 1171 3695 exposui:
1201 3607 1254 3672 bic
1277 3607 1463 3672 addendum

172 3721 222 3776 est
244 3710 450 3774 collationem
474 3706 719 3793 Scaligeranam
743 3709 816 3795 (Ο),
840 3731 925 3796 quae
940 3710 982 3773 ab
998 3710 1123 3777 editore
1145 3709 1343 3791 Oxoniensi,
1366 3732 1461 3795 quem

171 3836 195 3877 x
217 3812 315 3877 litera
342 3813 488 3895 signavi,
515 3809 639 3897 publici
668 3812 749 3874 iuris
776 3811 865 3874 facta
892 3818 955 3891 cst,
983 3812 1024 3874 iis
1049 3821 1176 3875 tantum
1204 3812 1286 3876 locis
1312 3819 1462 3880 testatam

172 3938 260 3996 esse,
283 3913 340 3976 ubi
362 3914 482 3977 mentIo
502 3914 572 3976 cius
594 3913 716 3975 iniecta
735 3922 800 3993 est,
831 3913 904 3997 ipsa
927 3933 1005 3977 vero
1028 3912 1109 3976 hacc
1130 3912 1261 3977 collatio
1279 3933 1377 3998 saepe
1398 3935 1464 3976 non

155 4005 237 4083 'tam
258 4015 413 4079 lectiones
430 4013 506 4078 libri
520 4014 759 4100 ipsius'reteris
781 4034 818 4075 ac
842 4016 921 4077 satis
944 4013 1023 4078 boni
1038 4016 1199 4095 continet,
1221 4024 1464 4100 praeterquam

170 4119 292 4206 passim
315 4114 440 4197 allius)
461 4114 608 4200 c.(od'ex)
633 4113 799 4178 consultus
823 4123 888 4196 est,
913 4136 1011 4201 quam
1034 4136 1089 4196 ca,
1120 4136 1203 4200 quae
1224 4132 1266 4178 ex
1283 4115 1334 4177 his
1354 4115 1462 4178 lectio-

171 4219 268 4281 nibus
292 4219 362 4304 ipse
385 4215 532 4299 Scaliger
552 4214 721 4301 procudit3
753 4214 972 4299 Scaligeranis
995 4216 1085 4280 hisce
1108 4216 1351 4280 emendationes
1372 4239 1462 4301 egre-

170 4320 242 4402 giae
266 4319 375 4383 inesse
399 4341 464 4383 non
485 4326 535 4382 est
557 4316 644 4404 quod
667 4338 831 4380 moneam:
855 4314 1052 4403 aliquotiens
1071 4317 1188 4404 igitur,
1209 4317 1336 4381 abires
1360 4320 1462 4381 mani·

171 4417 256 4482 festa
279 4429 365 4502 erat,
389 4422 491 4506 ipsius
511 4418 670 4504 Scaligeri
693 4438 809 4483 nomen
832 4439 890 4502 pro
914 4417 940 4481 Ο
962 4422 1109 4504 apposui.

255 4518 360 4582 Multo
388 4522 515 4606 plenior
544 4542 622 4585 sane
645 4518 769 4584 codicis
793 4516 822 4582 Ο
850 4527 901 4582 est
920 4519 1049 4584 collatio
1076 4541 1097 4583 a
1120 4518 1284 4584 Presselio
1311 4519 1462 4584 confecta

171 4620 259 4684 etin
283 4621 472 4685 universum
501 4625 580 4687 satis
609 4620 707 4684 fidam
736 4628 823 4684 certe
852 4620 928 4685 libri
955 4642 1015 4683 ms.
1037 4620 1147 4685 reddit
1170 4622 1362 4704 imaginem:
1396 4643 1461 4686 non

99 4769 104 4776 .
170 4743 282 4785 omnes
303 4729 413 4783 tamen
434 4744 486 4784 res
506 4723 618 4786 eadem
648 4723 828 4786 attentione
853 4721 1025 4806 amplexus
1053 4730 1103 4785 est
1129 4720 1328 4801 Presselius,
1357 4722 1461 4786 veluti

170 4822 205 4886 in
227 4821 364 4887 Graecis
387 4819 474 4886 locos
496 4820 703 4904 Homericos,
734 4824 768 4887 in
790 4822 918 4885 Latinis
946 4819 1199 4907 orthographiae
1222 4822 1460 4911 discrepantias
