3352 5490
372 339 622 401 Paurtrtuu'ns
644 340 696 400 llll
719 339 825 400 Vnus
849 340 932 399 AEN.
955 340 977 399 Ι.
1010 348 1123 403 nti-ao
1337 337 1399 397 467

149 467 171 506 p.
190 454 239 493 tata
253 454 287 495 ⁴26.
303 454 326 494 P.
1177 466 1199 503 p·
1216 452 1303 492 titt-tlt
1323 452 1349 492 li.

97 524 175 602 quod
197 533 242 584 est
264 544 361 584 careo.
407 526 443 585 ah
467 545 501 585 eo
525 534 622 586 tameu
646 525 808 604 composita
831 525 859 584 iu
886 511 1044 585 ui'divisas
1069 523 1177 583 lachmt
1198 523 1396 600 praeteritum,

33 703 40 717 .
98 627 223 686 concino
250 627 400 698 concinui,
427 627 547 687 stieeino
572 627 719 697 succiuui,
751 626 854 685 occino
876 625 1001 685 occinui.
1047 624 1098 683 llic
1122 625 1272 703 participia
1295 625 1443 683 adiuuat

99 728 215 788 Canens
244 737 272 786 et
301 734 450 787 cautums.
497 728 622 788 Passim.
669 728 780 787 Cautus
806 734 835 785 et
858 726 1017 787 cauendus.
1063 726 1120 785 Fae
1142 725 1178 784 ah
1202 726 1245 785 eis
1268 727 1396 785 uomina.

98 828 209 888 Cantus
232 820 333 910 qqidq'
350 837 380 887 et
401 830 497 889 cantio
513 837 542 888 et
562 837 666 890 cautor
681 837 710 887 et
730 829 840 888 cantrix
864 835 893 886 et
915 828 1074 899 cantilena,
1094 836 1122 886 et
1145 827 1398 904 alrequeutatiris

76 928 173 1010 ⁵[duo
197 938 294 989 autem
318 938 396 1002 suut,
418 939 504 990 cauto
527 938 556 990 et
577 928 699 1009 cantito]
725 938 858 988 cantatus
882 936 911 987 et
931 929 1057 989 cantatio
1080 937 1108 987 et
1129 937 1262 988 rautator
1281 936 1309 987 et
1329 947 1398 988 rau·
1442 907 1448 919 ⁹

98 1031 191 1090 tatrix.
238 1031 400 1090 concinnus
422 1050 538 1109 quoque
561 1052 577 1091 a
600 1022 733 1091 canendo
753 1030 948 1108 compositum
971 1038 1025 1090 est.

182 1124 315 1192 Troiae
337 1149 411 1208 quae
435 1152 503 1211 pars
527 1132 666 1193 orationis
687 1131 756 1193 est?
784 1133 906 1191 ll'umeu.
953 1129 1066 1202 Oualo?
1094 1130 1258 1210 Proprium.
1305 1133 1395 1193 lituus
1413 1142 1446 1193 32>

98 1231 227 1313 speciei?
263 1233 449 1293 lleriratirae.
476 1230 481 1316 Ι
512 1235 626 1294 a'l'roc
650 1234 727 1293 euim
753 1252 823 1311 rege
846 1234 994 1294 nominata
1017 1243 1063 1292 est
1086 1233 1180 1292 Troia.
1228 1233 1279 1292 llic
1302 1234 1338 1292 ah
1361 1254 1397 1293 ro

97 1334 153 1394 alia
174 1335 311 1394 derivata.
357 1335 500 1395 Troianus
523 1336 661 1405 Troicus3
689 1336 763 1396 Tros
786 1354 919 1413 quoque,
941 1335 1058 1412 quaudo
1081 1354 1133 1412 pro
1157 1334 1344 1413 appellative,
1369 1336 1395 1396 id

65 1445 146 1496 mest
168 1431 302 1515 genlltili,
327 1437 478 1516 accipitur.
523 1446 551 1496 et
579 1438 747 1510 sciendum,
776 1437 853 1514 quod
885 1436 1022 1516 pleraque
1048 1435 1198 1513 gentilium
1227 1444 1256 1495 et
1279 1438 1395 1516 propria

97 1537 194 1597 solent
223 1556 290 1598 esse
315 1537 447 1617 ipsorum
476 1539 658 1599 conditorum
686 1539 799 1599 urhium
828 1537 888 1598 sire
918 1537 1064 1616 gentium,
1102 1545 1132 1595 ut
1160 1536 1250 1597 ltalus
1278 1538 1395 1598 llauaus

97 1639 218 1698 Latinus
243 1639 327 1699 Tros,
373 1640 432 1700 Cur
458 1639 564 1713 Troia,
593 1660 659 1699 cum
688 1639 765 1718 apud
793 1642 920 1700 Graecos
946 1659 981 1697 00
1008 1639 1212 1717 diphthongon
1239 1639 1268 1697 iu
1295 1640 1393 1717 priore
1412 1655 1445 1705 33

97 1739 203 1800 haheat
225 1740 348 1818 syllaba,
373 1759 431 1801 uon
460 1748 555 1800 servat
577 1741 662 1800 etiam
686 1741 763 1819 apud
788 1738 863 1800 nos‘l
895 1740 968 1809 (luia
996 1740 1026 1798 iu
1048 1739 1213 1817 disyllabis,
1237 1740 1396 1816 inquibus

98 1859 132 1900 ae
160 1840 202 1899 rel
226 1860 261 1900 oe
289 1842 461 1920 diphthongi
489 1843 666 1903 antecedunt
694 1850 836 1919 sequente
867 1840 973 1911 vocali,
1002 1840 1146 1899 diaeresin
1176 1840 1272 1900 solent
1300 1841 1397 1901 lacere

63 1942 190 2002 taLatiui
213 1943 386 2022 plerumque
406 1952 435 2003 et
451 1963 504 2022 pru
525 1952 706 2004 consonante
725 1942 833 2022 drqdici
853 1943 986 2021 accipere
1006 1941 1013 2001 i
1037 1940 1146 2001 et'eam
1170 1960 1185 2000 a
1208 1943 1305 2021 priore
1327 1942 1397 2003 suh-

97 2045 212 2104 trahere
230 2045 338 2122 syllalm
358 2052 387 2103 ct
408 2045 567 2123 adiungere
589 2045 738 2122 sequeuti;
761 2044 894 2121 quamvis
910 2044 1020 2121 antiqui
1041 2044 1174 2103 solelumt
1196 2044 1268 2103 duas
1284 2043 1303 2103 ii
1324 2045 1397 2103 seri-

79 2138 166 2220 ‚heie
193 2155 222 2205 et
241 2145 361 2205 alteram
395 2146 484 2224 priori
507 2146 700 2223 subiungere,
728 2146 848 2205 alteram
871 2163 1052 2224 praeponere
1075 2145 1225 2222 sequenti,
1249 2154 1279 2204 ut
1299 2145 1396 2205 'lroiia

96 2246 179 2305 llaiia
199 2246 287 2305 diiar.
333 2247 409 2307 hauc
429 2256 526 2307 tamen
550 2247 793 2308 cousuetudinem
809 2247 903 2306 Latini
927 2246 1092 2306 hahuerunt
1114 2246 1217 2306 deoles
1238 2247 1395 2318 humantes,

98 2350 146 2425 qui
169 2350 271 2405 κοῖλον
287 2368 340 2427 per
362 2349 533 2410 divisionem
555 2349 656 2409 dicunt
674 2345 776 2406 aditor
804 2357 833 2407 et
854 2347 943 2408 irrrrlta
967 2348 1101 2408 similiter
1115 2347 1255 2407 diriduut.

61 2472 89 2511 ro
184 2450 249 2518 out
273 2470 347 2528 quam
369 2470 438 2530 pars
459 2450 600 2510 orationis
620 2448 684 2509 est'?
726 2452 748 2510 d
772 2449 944 2526 quibusdam
961 2467 1122 2529 pronomen
1143 2449 1199 2509 hoc
1221 2468 1288 2509 esse
1310 2459 1397 2528 puta·
1411 2465 1445 2516 dt

97 2561 159 2623 tur,
191 2551 241 2611 sed
265 2571 323 2610 uon
350 2561 438 2612 recte.
484 2551 601 2632 proprie
629 2552 706 2611 euim
729 2570 891 2631 prenomen
913 2559 973 2624 est,
1003 2550 1081 2628 quod
1111 2569 1163 2630 pre
1188 2551 1305 2611 nomine
1328 2572 1398 2631 pro·

97 2653 161 2732 prio
184 2654 302 2732 ponitur
330 2661 358 2713 et
384 2671 541 2732 personam
572 2653 681 2712 duitam
711 2652 808 2713 hahet.
855 2670 925 2730 ergo
951 2670 1016 2712 cum
1041 2653 1106 2729 quis
1129 2654 1228 2730 etqui
1251 2663 1279 2712 et
1301 2653 1396 2731 qualis

96 2753 163 2814 talis
188 2763 217 2814 et
240 2762 366 2832 quantus
389 2763 486 2815 mutus
514 2763 544 2814 et
570 2753 673 2814 similia
700 2755 742 2814 rel
765 2754 970 2831 interrogativa
998 2753 1041 2814 vel
1067 2754 1185 2814 relativa
1217 2774 1271 2814 uec
1300 2754 1397 2814 duitas

97 2855 223 2915 habeant
245 2874 387 2934 personas
408 2876 462 2916 uec
481 2856 546 2916 loco
568 2857 754 2936 propriorum
773 2856 925 2916 uomiuum
940 2855 1136 2934 accipinutur,
1159 2875 1217 2916 uon
1240 2863 1309 2916 sunt
1329 2875 1399 2934 pro-

59 2957 216 3026 25uomiua
245 2957 367 3018 dicenda
393 2958 444 3018 sed
473 2958 569 3036 qiotius
595 2959 723 3018 uomina.
769 2977 823 3018 nec
846 2957 967 3030 mirum,
987 2957 1011 3016 si
1034 2958 1175 3035 quaedam
1199 2976 1234 3018 ex
1255 2957 1328 3037 ipsis
1347 2957 1422 3016 de·-

97 3058 283 3120 cliuatiouem
301 3060 428 3119 habeant
449 3055 680 3140 prouolmiuum,
702 3079 769 3120 eum
791 3051 963 3139 pronomina
982 3076 1099 3136 quoque
1114 3059 1219 3131 multa,
1239 3059 1275 3119 de
1290 3059 1397 3137 ‹prihus

95 3180 155 3220 non
178 3169 223 3220 est
245 3159 402 3233 dubitatio,
430 3162 507 3238 quod
533 3163 704 3241 pronomina
730 3170 812 3233 sunt,
837 3161 988 3222 noritiuum
1011 3161 1136 3220 haheant
1160 3161 1395 3232 declinationem,

95 3271 129 3323 ut
148 3281 232 3322 meus
251 3270 319 3323 tuus
338 3271 438 3322 noster
458 3270 562 3322 vester.
608 3272 635 3322 et
658 3263 827 3336 sciendum,
851 3263 929 3340 quod
952 3262 1000 3339 qui
1017 3281 1070 3341 pro
1091 3262 1157 3338 quis
1172 3263 1306 3341 ponitur,
1330 3264 1396 3340 quis

90 3345 193 3424 u{tutem
222 3384 274 3443 pro
304 3363 352 3442 qui
382 3383 455 3435 nou,
488 3371 516 3423 et
543 3364 619 3443 quod
649 3365 745 3424 omuia
776 3363 979 3425 huiuscemodi
1008 3364 1125 3423 uomina
1148 3363 1266 3423 relatiua
1289 3384 1396 3444 perse

61 3473 257 3537 succurratur,
284 3466 312 3525 in
337 3474 473 3526 contextu
497 3473 594 3525 autem
620 3466 760 3526 orationis
783 3474 953 3543 gravantur,
983 3463 1010 3524 id
1034 3473 1079 3525 est
1102 3484 1155 3543 pro
1177 3474 1263 3525 acuto
1288 3466 1316 3525 in
1337 3467 1396 3525 fine

96 3585 213 3644 gravem
241 3576 392 3627 accentum
420 3567 575 3646 accipiunt.
621 3568 677 3627 hoc
703 3576 799 3626 tamen
829 3567 924 3645 ipsum
951 3566 1000 3643 qui
1030 3586 1083 3645 pro
1110 3566 1246 3627 adrerhio
1277 3585 1393 3644 quoque
1411 3583 1445 3633 30

97 3686 187 3746 saepe
209 3668 368 3737 invenitur,
392 3669 510 3746 quaudo
532 3669 674 3747 accipitur
696 3688 750 3749 pro
772 3668 919 3746 «quomodo
945 3665 1005 3746 [est
1025 3668 1112 3727 etiam
1133 3667 1300 3747 aldutirusl.
1338 3669 1395 3728 l'ac

97 3768 134 3829 alr
156 3789 191 3829 eu
220 3752 424 3849 ctimpositum.
471 3769 626 3848 Quisquis,
655 3771 795 3848 quisque,
823 3769 928 3846 aliquis
952 3768 994 3827 rel
1019 3769 1125 3846 aliqui,
1146 3769 1253 3845 siquis,
1280 3770 1395 3847 nequis,

80 3859 267 3948 quisquam,
286 3871 479 3949 quicumque,
502 3872 663 3951 quispiam,
685 3872 819 3948 quidam,
843 3871 929 3947 quin,
950 3869 1027 3946 quod
1051 3870 1196 3946 m'guilicat
1214 3870 1262 3947 qui
1287 3889 1344 3929 nou
1367 3879 1397 3930 et

59 3990 150 4036 sacru
172 3992 231 4032 nou
255 3980 284 4032 ct
306 3983 338 4034 ut
359 3992 417 4033 non
441 3980 469 4031 et
491 3992 545 4031 uec
564 3992 640 4045 nou,
663 3973 742 4049 atqui
766 3981 794 4032 et
815 3971 924 4049 atquin.
971 4018 975 4025 .

180 4074 323 4135 Primus
343 4093 418 4153 quae
438 4094 507 4153 pars
536 4074 676 4134 orationis
701 4073 766 4135 est?
794 4073 917 4134 Nomen.
963 4072 1054 4133 Cuius
1078 4081 1123 4130 est
1142 4069 1272 4149 speciei?
1309 4070 1444 4141 Ordiau

165 4327 181 4377 3
199 4338 346 4377 cantaturus
363 4330 447 4377 deleta
465 4343 479 4375 u
498 4331 522 4377 in
542 4327 653 4377 reconda
669 4329 771 4392 syllaba
789 4327 810 4375 S
827 4327 957 4376 caniturus
978 4323 1111 4374 Putrehiua
1180 4325 1265 4375 hdno
1284 4351 1315 4360 -·
1334 4340 1394 4374 eau-

96 4398 140 4446 tito
161 4413 205 4446 om.
223 4398 243 4445 S
300 4400 316 4447 o
335 4399 470 4446 coueiiuus
489 4398 510 4445 G
528 4399 648 4446 eoneiuus
666 4398 855 4448 Crouciuuuus
873 4413 942 4445 corr.
962 4393 1137 4444 concinnus-S*
1205 4395 1222 4443 8
1242 4409 1256 4442 a
1275 4395 1362 4443 treeS
1380 4410 1394 4443 u

95 4477 150 4515 troo
168 4467 190 4512 G
209 4482 224 4514 a
245 4468 333 4516 trost)
424 4468 453 4517 12
473 4482 502 4516 oe
520 4467 660 4532 diptougus
678 4468 701 4515 iu
720 4467 804 4530 priore
823 4466 923 4529 syllaba
942 4465 975 4516 sit
992 4464 1012 4513 S
1098 4464 1129 4514 13
1147 4473 1264 4513 seruatur
1284 4464 1326 4511 GS

98 4535 130 4584 lu
150 4537 359 4585 cousuetmliuem
388 4537 473 4585 aeoles
500 4535 641 4585 habueruut
668 4537 796 4585 imitantes
816 4537 864 4585 G:
884 4535 1094 4584 cousuetudinem
1117 4532 1261 4581 habueruut
1283 4532 1392 4598 reliqui

95 4605 182 4654 coelun
203 4607 354 4655 diuisionem
371 4606 465 4655 dicum.
495 4608 520 4653 A
538 4605 625 4664 Quis
711 4604 744 4654 23
763 4604 1008 4654 etsimiliaiulluita
1027 4603 1132 4653 siutuel
1151 4603 1334 4666 interrogation
1354 4604 1393 4651 orl

95 4675 203 4724 relatiua
223 4687 246 4724 et
263 4677 346 4724 duitas
365 4690 414 4722 nou
431 4673 578 4724 habeantS
630 4674 663 4722 27
683 4675 742 4738 qniu
762 4675 912 4739 pronomina
931 4675 982 4723 siut
1000 4688 1025 4729 ς,
1043 4689 1088 4721 oua
1107 4670 1127 4719 S
1197 4673 1231 4721 ’28
1248 4687 1319 4723 meus
1336 4683 1394 4723 tuus

95 4759 159 4793 sniis
178 4754 264 4793 noster
284 4754 368 4793 uester
388 4752 487 4792 uestras
505 4753 605 4794 uestras
624 4743 644 4793 O
725 4744 758 4796 32
777 4754 815 4793 est
833 4743 900 4792 enim
915 4742 992 4792 etiam
1010 4742 1137 4791 ablutinus
1156 4740 1184 4802 0,
1199 4739 1280 4791 ouuS
1361 4742 1393 4794 :lt

95 4814 223 4878 quispiam
241 4814 345 4877 quidam
363 4829 410 4863 om.
431 4812 474 4863 OG
544 4815 578 4864 35
595 4823 621 4862 nt
640 4827 691 4862 non
704 4823 729 4862 et
741 4827 787 4861 nee
806 4826 856 4861 non
876 4827 922 4862 om.
941 4809 963 4860 S
980 4828 987 4860 ε
1004 4821 1032 4860 ut
1048 4824 1098 4860 nen
1118 4817 1142 4858 et
1158 4816 1217 4859 ante
1238 4824 1283 4858 cnr
1300 4811 1363 4860 add.
1381 4827 1395 4861 a

1134 4895 1197 4959 30*
