3352 5490
385 317 632 380 rinrrrrouns
649 280 699 378 ui
723 319 826 380 vens
852 319 992 381 [inuri.
1019 329 1162 384 rra-oo
1366 317 1427 379 rsa

183 447 206 488 p.
218 435 274 475 roso.
289 436 313 475 si
326 435 349 476 r.
628 453 632 459 -
941 481 946 490 ¹
1225 446 1245 486 p.
1255 434 1301 474 aro.
1311 434 1334 474 n
1348 434 1375 474 κ.

133 525 245 579 mares,
266 515 296 567 ut
319 506 401 566 lutuo
417 506 580 584 derirginn,
604 505 647 565 vel
667 507 703 566 ad
720 505 860 578 seminas,
884 514 916 567 ut
935 508 1034 567 lrrtunr
1055 505 1134 566 nubo
1155 505 1336 582 dmirginnr,
1358 525 1427 584 pos-

133 627 234 668 sumus
266 616 361 667 tamen
395 608 468 668 baec
501 608 530 668 iu
561 607 682 667 alterum
704 625 806 667 sexum
830 609 989 668 transferre
1011 607 1054 667 rel
1075 609 1197 685 tigurote
1219 607 1263 666 rel
1288 624 1341 685 per
1363 606 1427 666 irri-

133 710 245 769 sionem
266 709 309 768 rol
333 729 385 789 per
406 709 563 788 epicoena,
594 717 625 769 ut
648 709 672 768 si
693 709 787 769 diram
817 709 911 769 ‘hona
935 710 1030 769 anima
1052 717 1112 781 est,
1135 727 1209 785 quae
1231 708 1316 768 istam
1340 706 1426 786 virgi-

132 829 199 871 nem
228 811 435 888 derirginarit'
460 810 503 870 rel
525 810 639 871 ‘bonus
665 812 780 871 animus
805 821 864 883 est,
889 811 937 888 qui
967 811 1006 871 illi
1044 810 1147 870 marito
1179 810 1304 888 nupsit'.
1331 808 1425 868 bene

111 911 223 990 sigitur
242 912 365 983 dieitur,
393 912 470 988 quod
498 912 594 971 ornnia
620 912 704 972 rerba
728 921 756 972 et
779 913 930 992 participia
951 921 1017 991 apta
1040 920 1109 971 sunt
1132 919 1162 970 ut
1186 911 1221 970 ad
1245 927 1331 985 unane
1354 927 1424 989 pos-

132 1016 192 1074 sint
212 1032 305 1092 genus
333 1014 399 1073 dici.
446 1013 536 1073 Cuius
559 1022 603 1073 est
627 1012 736 1074 casus?
772 1014 827 1075 llic
849 1013 1034 1088 nominatiri3
1072 1022 1168 1091 potest
1190 1021 1285 1071 alitem
1310 1029 1375 1071 esse
1396 1018 1424 1070 et
1447 1012 1494 1063 ltu

131 1115 261 1176 eocatiri.
294 1115 390 1175 omnia
408 1114 484 1174 enim
508 1115 568 1175 sire
585 1115 703 1175 nemina
726 1116 785 1176 sive
808 1115 959 1194 partieipia
981 1115 1241 1201 nominativumft
1263 1113 1424 1172 vocativum

132 1217 256 1277 similem
278 1216 387 1276 bahem
409 1217 537 1295 exceptis
562 1217 681 1276 Graecis
704 1226 733 1276 ct
755 1218 783 1277 in
808 1237 842 1277 us
863 1215 1066 1277 desinentibus
1089 1215 1236 1276 secundae
1253 1214 1424 1274 declinatio-

131 1319 193 1391 nis,
217 1319 299 1378 errius
322 1318 455 1397 propria,
480 1319 504 1378 si
528 1327 595 1379 ante
618 1338 653 1378 us
674 1319 682 1378 i
705 1317 876 1391 habuerim,
906 1318 1018 1378 abiecta
1046 1337 1081 1378 us
1116 1318 1225 1377 laeirmt
1253 1315 1423 1387 vocativum,

99 1428 162 1483 tout
189 1420 322 1498 Virgilius
347 1418 459 1497 Virgili,
486 1420 640 1480 Terentius
666 1420 793 1480 Terenti.
839 1420 892 1480 alia
923 1438 991 1479 vero
1020 1420 1116 1479 omnia
1140 1438 1174 1479 us
1203 1419 1232 1479 in
1261 1437 1277 1477 c
1303 1436 1424 1477 conver-

133 1522 220 1581 tentia
248 1522 358 1582 iaciunt
381 1521 557 1594 vocativum,
587 1529 619 1582 ut
644 1521 760 1582 Turnus
781 1522 896 1593 Turne,
920 1520 1018 1581 socius
1046 1520 1142 1592 socie,
1177 1528 1288 1597 myrtus
1313 1527 1431 1598 myrtea

132 1623 317 1702 Virgilius
337 1623 367 1681 iu
395 1622 566 1684 bucolico

283 1734 317 1783 et
341 1743 419 1797 vos,
441 1744 459 1783 o
482 1724 593 1804 lauri,
616 1743 761 1803 carpam
792 1731 899 1797 otte,
924 1725 1090 1802 proxima
1113 1735 1237 1802 mprte.

131 1834 291 1886 esttamen
315 1826 400 1886 etiarn
424 1825 452 1885 in
474 1827 477 1901 l
498 1826 699 1886 huiuscemodi
723 1826 852 1886 invenire
881 1844 970 1905 saepe
993 1827 1037 1886 rel
1060 1825 1224 1905 euphoniae
1239 1820 1253 1907 ΙΙ
1270 1823 1314 1883 rel
1338 1822 1422 1884 metri
1444 1832 1492 1882 120

98 1946 220 1988 iscausa
244 1928 451 1987 nominativum
471 1946 525 2006 pro
549 1928 677 1987 vocativo
701 1928 844 2007 positum,
865 1935 897 1987 ut
919 1927 1088 1988 Lucanus
1111 1928 1140 1987 in
1164 1926 1295 1986 seeundo
1337 1951 1347 1966 ·

283 2029 446 2106 degener
468 2050 485 2089 o
508 2028 685 2109 populus,
709 2029 764 2089 rin
787 2030 936 2091 saecula
958 2030 1068 2107 leuga
1092 2028 1284 2103 decorum,

131 2132 257 2212 populus
280 2150 333 2212 pro
357 2131 480 2210 popule:
501 2138 530 2191 et
553 2130 733 2209 Virgilius
756 2131 784 2190 in
806 2138 908 2191 octavo
930 2130 1116 2190 Aeneidos

282 2233 456 2310 corniger
478 2231 724 2311 Hesperidum
748 2232 901 2304 llurius,
926 2240 1102 2307 regnator
1122 2249 1314 2307 aqrrarum;

131 2337 234 2396 lluvius
255 2353 307 2415 pro
331 2334 425 2395 lluvie.
467 2333 556 2394 Curius
579 2342 623 2393 est
646 2331 808 2412 temporis?
849 2332 1030 2392 Praesentis:
1055 2331 1132 2391 nulla
1160 2331 1236 2390 enim
1269 2331 1421 2411 participia

94 2438 160 2497 aoin
187 2437 258 2497 diras
286 2443 482 2497 consonantes
509 2435 671 2494 desinentia
696 2435 835 2514 temporis
861 2417 1008 2514 praeteriti
1032 2432 1075 2493 rel
1104 2432 1192 2493 lrrturi
1226 2433 1420 2493 inreuiuutur.

129 2539 281 2599 sciendum
316 2545 430 2606 autem,
456 2536 550 2613 quod,
578 2536 725 2613 quomodo
752 2535 903 2616 participia
929 2535 1077 2614 praeteriti
1101 2534 1241 2613 temporis
1267 2534 1421 2594 coniuncta
1443 2551 1488 2603 121

130 2660 195 2701 curn
229 2639 324 2700 rerbis
348 2637 489 2717 temporis
516 2637 678 2715 praesentis
701 2638 888 2716 praeteritum
912 2646 1028 2717 tempus
1051 2636 1231 2714 significant,
1255 2643 1286 2695 ut
1309 2635 1421 2694 ‘lectus

129 2760 195 2803 sum
219 2760 251 2801 es
271 2743 338 2808 est’‚
360 2739 402 2799 sie
416 2739 569 2818 participia
592 2739 767 2818 praesentis,
790 2739 815 2799 si
838 2738 1053 2816 coniungantur
1071 2757 1137 2799 cum
1150 2737 1253 2797 -rerlris
1273 2735 1419 2815 praeteriti

130 2842 287 2922 temporis,
316 2842 382 2901 loco
413 2840 559 2920 praeteriti
590 2840 731 2919 temporis
758 2841 956 2920 accipiuntur,
981 2849 1012 2899 ut
1032 2841 1153 2899 ‘amans
1175 2838 1258 2907 leci',
1281 2837 1421 2897 ‘studens

93 2944 217 3021 relegi'.
262 2943 352 3004 Cuius
380 2950 426 3003 est
452 2939 695 3019 significationis?
731 2941 855 3002 activae:
884 2941 1014 3001 nascitur
1040 2941 1156 3001 enimn
1187 2939 1274 3000 rcrho
1301 2938 1421 2998 lacrimo

130 3045 265 3106 lacrimas
288 3044 427 3104 lacrimat.
457 3043 542 3103 cuius
557 3043 682 3103 activum
702 3041 757 3103 rim
778 3043 933 3123 passivam,
956 3043 1103 3123 passivum
1124 3043 1178 3103 rim
1198 3041 1319 3102 activam
1344 3039 1421 3099 vidc-

129 3146 314 3208 turbabere.
353 3164 427 3232 ruam
450 3145 559 3224 patitur
580 3144 726 3218 dolorem,
750 3145 800 3222 qui
822 3144 969 3219 lacrimat,
996 3154 1025 3205 ct
1049 3145 1134 3217 lacit,
1160 3143 1208 3222 qui
1243 3141 1419 3203 lacrimatur.

130 3246 220 3308 merita
255 3255 350 3306 tamen
386 3247 492 3307 similia
521 3246 723 3319 inreuiuutur,
753 3256 785 3307 ut
815 3246 902 3324 lugeo
932 3256 961 3305 et
991 3245 1108 3323 ingene,
1141 3245 1225 3324 ploro
1254 3252 1282 3304 et
1313 3243 1419 3322 plorur.

131 3350 220 3411 Cuius
243 3359 288 3409 est
310 3346 442 3409 lormae‘l
466 3360 491 3411 as
513 3347 634 3409 Formas
657 3367 776 3408 suorum
799 3347 952 3408 verborum
976 3347 1020 3406 rel
1041 3347 1156 3427 species
1178 3346 1287 3406 babent
1303 3345 1422 3425 partici-

95 3452 194 3531 aopin,
215 3461 247 3511 ut
263 3451 383 3511 lecturio
407 3449 579 3522 lecturiens,
602 3450 733 3510 lerresco
753 3450 935 3522 fervescens,
958 3467 1045 3510 curso
1067 3466 1208 3521 cursans,
1229 3447 1339 3508 cursito
1356 3465 1422 3506 cur-

129 3555 230 3615 sitans.
277 3554 367 3613 Cuius
388 3562 433 3612 est
454 3550 587 3613 numeri?
616 3552 794 3628 Singularis,
817 3551 926 3629 figurae
948 3550 1097 3630 simplicis.
1143 3550 1195 3611 Cui
1216 3549 1296 3611 casui
1318 3548 1489 3611 adim-122

129 3654 225 3734 gitur?
247 3655 432 3727 ¹tccosativo,
455 3652 610 3716 lacrimans
633 3653 724 3714 illurn.
769 3672 893 3715 necesse
916 3662 962 3714 est
984 3653 1060 3713 enim
1083 3651 1180 3712 omnia
1203 3650 1354 3732 partieipia
1368 3651 1422 3710 ‘bis

130 3757 247 3818 casibus
271 3757 406 3834 adiungi,
434 3755 541 3833 quihus
567 3763 595 3815 et
621 3756 706 3816 rerha
735 3775 769 3815 er
799 3755 904 3832 quibus
933 3763 1110 3825 naseuntur,
1133 3763 1163 3813 ut
1186 3755 1306 3814 lacrimo
1329 3753 1421 3826 illum,

129 3859 286 3919 lacrimans
314 3859 412 3932 illurn3
442 3858 556 3918 invideo
584 3856 652 3930 tibi,
682 3858 816 3918 invidens
845 3858 913 3932 tihi3
938 3858 1079 3918 misereor
1106 3856 1163 3928 tui,
1194 3856 1337 3915 miserens
1370 3853 1421 3913 tui.

95 3976 196 4020 sanam
229 3961 252 4020 si
282 3961 318 4021 ad
347 3960 434 4021 alium
464 3977 564 4019 casum
592 3966 757 4030 transeant,
786 3959 913 4038 perdunt
941 3959 997 4018 rim
1021 3956 1164 4036 participii
1187 3965 1217 4016 et
1240 3956 1277 4016 ad
1305 3954 1421 4016 nomina

129 4064 361 4136 transferuntur,
378 4044 414 4121 'ut
435 4061 459 4121 si
482 4060 576 4120 dicam
593 4079 695 4120 amans
711 4060 807 4133 illum,
830 4059 1013 4139 participium
1033 4068 1092 4130 est,
1115 4058 1181 4135 quia
1205 4066 1234 4118 et
1255 4075 1321 4117 auro
1341 4055 1421 4116 illum

197 4235 213 4284 3
232 4243 259 4282 ut
274 4234 314 4282 uel
334 4248 410 4298 super
424 4232 544 4297 epicoena
558 4230 639 4278 dicam
655 4230 675 4278 (J
692 4229 731 4277 uel
745 4244 822 4294 super
836 4229 974 4293 epiaeonnn
988 4237 1014 4276 ut
1033 4228 1054 4276 si
1068 4226 1148 4275 diram
1164 4228 1186 4277 G
1205 4226 1244 4274 uel
1259 4241 1305 4290 per
1322 4225 1422 4273 eresinn

128 4315 156 4354 ut
173 4305 194 4352 si
213 4303 327 4353 dicamS
398 4302 428 4351 1⁶2
447 4302 472 4349 in
490 4297 613 4362 bneolico]
636 4302 659 4357 ’2,
675 4302 707 4349 nl
782 4300 854 4348 lain
874 4295 996 4363 seeundo]
1018 4315 1041 4349 n.
1061 4296 1109 4347 llh
1181 4296 1211 4347 lh
1230 4296 1357 4360 degenere
1376 4309 1422 4359 po-

128 4369 572 4440 pulosO:‹legener·opopuluset
591 4368 672 4417 rel.S
760 4367 902 4417 deorumG
991 4368 1021 4417 Π
1040 4369 1064 4417 in
1085 4378 1173 4416 orioro
1195 4363 1421 4428 ¹teneidosle.'t‘l

197 4443 231 4491 ao
247 4443 377 4507 prassinum
397 4450 479 4490 aretem
500 4438 641 4488 ectiuamS
728 4437 761 4487 '29
776 4438 848 4486 cuius
868 4446 905 4486 est
925 4436 1021 4486 formae
1035 4455 1080 4487 cnr.
1098 4435 1141 4487 GS
1153 4471 1157 4482 .
1170 4439 1282 4484 lacunam
1296 4450 1345 4498 pua
1360 4435 1423 4495 defi·

127 4515 189 4564 nitio
204 4514 302 4573 sor-mne
314 4512 411 4560 excidit
423 4510 531 4560 indicavi
584 4508 679 4558 lormas
695 4508 735 4556 uel
754 4509 852 4570 speeies
865 4507 1005 4556 oetinorum
1024 4508 1159 4555 uerborum
1179 4505 1272 4554 liabent
1290 4504 1423 4569 partieipia

128 4582 149 4631 S
166 4582 262 4631 toranus
281 4581 414 4629 uerborum
434 4594 537 4629 suorum
550 4580 590 4628 uel
604 4579 703 4643 speeies
719 4578 858 4626 nerinorum
875 4575 968 4624 lintrem
984 4577 1117 4641 partieipia
1134 4575 1155 4622 L
1174 4576 1270 4624 formas
1286 4575 1421 4622 uerborum
1462 4625 1464 4630 A

128 4665 232 4700 suorum
254 4650 292 4696 rel
308 4651 406 4713 species
419 4651 501 4698 aetina
519 4648 610 4698 hahent
630 4648 762 4713 partieipia
781 4647 964 4696 Lindemauuus
1035 4644 1068 4696 33
1082 4645 1187 4709 adiungi
1204 4643 1224 4692 S
1243 4643 1365 4706 subiungi
1379 4641 1422 4691 CG

197 4722 229 4771 34
250 4719 374 4767 miserens
387 4718 422 4766 tul
442 4733 498 4766 nam
512 4719 533 4767 si
548 4719 580 4766 nil
599 4718 676 4766 alium
690 4732 776 4765 casum
795 4724 924 4764 transeant
939 4714 1048 4780 perdunt
1068 4715 1118 4762 uim
1133 4712 1153 4761 S
1169 4714 1296 4762 miserans
1309 4713 1346 4761 tui
1364 4726 1422 4777 per-

127 4790 189 4839 dunt
207 4790 283 4838 etiam
303 4787 355 4835 uim
374 4787 395 4837 0
413 4786 532 4836 misertus
550 4788 657 4838 toi.aut
671 4785 780 4850 perdunt
799 4786 873 4834 etiem
892 4783 986 4834 uimG
