3352 5490
409 1158 733 1242 PRAEFATIO
764 1158 1008 1243 HENRIOI
1041 1160 1223 1245 KEILII

736 1416 887 1426 ὴ..

249 1619 416 1707 Quoniam
440 1632 602 1695 Martinus
625 1632 798 1714 llcrtzius,
827 1633 878 1695 vir
900 1634 1133 1713 amicissimus,
1162 1653 1293 1718 oporam
1317 1652 1408 1694 suam
1430 1632 1465 1695 in

167 1733 334 1797 Prisciano
356 1731 575 1814 conlocatam,
598 1733 783 1819 quaemihi
806 1737 840 1797 in
861 1734 921 1797 hoc
945 1734 1054 1798 labore
1076 1736 1266 1819 gratissima
1288 1733 1365 1814 luit,
1388 1733 1466 1797 duo

165 1835 326 1919 deviginti
349 1835 590 1898 institutionum
616 1834 710 1899 libris
732 1835 892 1900 contineri
914 1835 1036 1918 voluit,
1063 1834 1181 1921 reliqui
1202 1833 1293 1915 libri,
1319 1837 1375 1921 qui
1397 1835 1466 1925 qui-

165 1935 238 1999 ‹lcnr
265 1936 470 2019 grammatici
498 1938 629 2022 generis
659 1945 752 2020 sunt,
787 1959 826 1999 ne
856 1939 888 1998 in
912 1958 999 2000 nova
1022 1937 1166 2000 editione
1188 1935 1465 2015 desiderarentur,

164 2059 269 2101 mcum
300 2035 443 2100 studium
473 2038 658 2100 necessario
686 2037 915 2124 requirebant,
950 2039 1080 2101 tametsi
1108 2038 1216 2100 minus
1246 2046 1394 2122 paratum
1422 2036 1465 2100 ad

165 2138 245 2201 illud
275 2139 441 2221 negotium
471 2148 601 2223 practer
625 2140 811 2225 opinionem
842 2137 923 2202 mihi
952 2137 1097 2204 oblatum
1125 2160 1177 2202 mc
1206 2160 1279 2200 csse
1298 2137 1465 2200 videbam.

164 2238 241 2303 olim
264 2240 366 2318 enim,
389 2262 463 2303 cum
486 2261 585 2302 manu
606 2240 745 2326 scriptos
767 2239 869 2304 libros
891 2238 1083 2304 Latinorum
1102 2239 1387 2323 grammaticorum
1410 2258 1465 2301 ex·

164 2340 343 2420 eutiebam,
366 2338 528 2404 Prisciani
551 2342 681 2404 codices
702 2350 770 2403 tam
793 2362 889 2426 quam
909 2362 929 2403 a
949 2362 1000 2404 me
1020 2340 1161 2421 alienos,
1185 2347 1357 2425 propterca
1378 2336 1467 2424 quod

164 2463 218 2505 cos
253 2462 364 2504 omnes
397 2440 438 2504 ah
472 2440 608 2505 llertaio
646 2449 814 2526 susceptos
848 2464 921 2505 esse
956 2442 1204 2523 existimabam,
1244 2440 1465 2525 neglexeram.

94 2627 97 2633 Ι
164 2551 278 2629 postca
300 2565 394 2623 vcro,
415 2565 488 2607 eum
509 2544 652 2607 minores
674 2542 776 2606 libros
797 2542 839 2604 ah
862 2540 919 2605 illo
942 2544 1191 2629 praetermissos
1211 2562 1284 2606 esse
1306 2541 1465 2619 audirem,

164 2654 337 2729 utrumque
362 2653 506 2708 nostrum
529 2644 646 2708 idoneo
664 2644 899 2706 emendationis
915 2655 1075 2730 apparatu
1091 2644 1280 2708 destitutum
1302 2664 1373 2705 csse
1393 2661 1465 2705 sero

164 2744 324 2809 intellexi.
370 2746 496 2830 itaque,
525 2768 567 2808 ne
589 2768 681 2808 meus
709 2767 800 2809 error
823 2748 960 2831 gravius
988 2746 1216 2810 (intrumentum
1240 2752 1351 2806 nostro
1373 2741 1464 2827 operi

164 2846 321 2920 adferret,
344 2848 509 2909 renovatis
533 2847 650 2910 studiis
674 2868 712 2909 ea
734 2868 817 2932 quae
837 2857 933 2911 antea
955 2848 1076 2912 omissa
1094 2855 1187 2911 erant
1205 2844 1378 2909 adicienda
1392 2864 1466 2907 esse

165 2950 274 3011 statui.
320 2957 352 3010 ct
374 2946 515 3010 feliciter
536 2947 657 3011 accidit
679 2957 715 3010 ut
735 2956 801 3011 tres
821 2947 1057 3029 bibliothecae,
1080 2970 1161 3034 quas
1179 2970 1216 3013 co
1233 2943 1370 3010 consilio
1386 2944 1465 3025 adii,

165 3050 330 3129 Parisino,
361 3048 550 3131 Leidensis,
580 3048 856 3134 Guellcrb'ytana,
887 3052 966 3113 satis
989 3048 1130 3136 amplam
1154 3051 1281 3135 copiam
1307 3045 1466 3110 bonorum

165 3149 320 3213 librorum
350 3157 563 3235 praestarent.
609 3170 674 3236 qua
699 3172 735 3214 rc
759 3172 955 3236 quamquam
984 3150 1124 3214 sortasse
1153 3151 1275 3215 rectius
1305 3146 1466 3233 quaedam

164 3252 378 3315 instituissem
408 3259 441 3313 ct
468 3249 552 3315 alios
577 3251 706 3315 codices
734 3250 775 3314 ad
805 3251 1066 3316 emendationem
1094 3250 1333 3331 adhibuissem,
1367 3251 1394 3312 si
1423 3246 1466 3311 ab

164 3353 258 3416 initio
281 3354 314 3414 in
337 3350 396 3414 hos
424 3350 524 3414 libros
548 3351 692 3415 studium
721 3376 827 3416 mcum
851 3355 1106 3436 convertissem,
1132 3362 1242 3417 tamen
1268 3350 1320 3414 his
1346 3348 1465 3436 quibus

164 3475 243 3516 usus
268 3476 338 3515 sum
361 3474 481 3517 noram
504 3456 726 3518 recensionem
750 3456 795 3518 ita
816 3458 974 3520 munitam
992 3477 1064 3519 esse
1079 3453 1222 3534 confido,
1245 3463 1282 3517 ut
1301 3453 1361 3517 vix
1375 3451 1466 3537 quic-

165 3577 260 3640 quam
286 3554 363 3620 novi
387 3576 428 3618 cx
451 3552 640 3619 melioribus
662 3555 756 3633 libris
780 3556 858 3620 addi
881 3558 993 3643 possit.

249 3655 332 3720 Trea
356 3657 458 3741 igitur
480 3655 581 3720 libros
603 3657 644 3721 ad
666 3657 895 3745 Symmachum
917 3660 1055 3746 scriptos
1085 3657 1132 3722 dc
1154 3657 1306 3742 liguris
1332 3674 1466 3719 nume-

163 3779 298 3820 rorum
334 3766 367 3821 ct
403 3756 449 3821 de
480 3759 622 3821 metris
660 3759 845 3824 Terentii
880 3768 911 3823 et
942 3760 989 3824 de
1020 3754 1466 3848 praeexercitamentis

95 3885 97 3889 ’
164 3858 387 3924 rhetoricis
411 3860 541 3944 saepius
564 3881 661 3945 quam
681 3860 825 3946 reliquos
847 3869 921 3946 post
935 3870 1085 3925 octavum
1102 3857 1266 3923 sacculum
1284 3856 1466 3942 descriptos

163 3982 235 4023 esso
268 3961 390 4024 inveni.
440 3981 514 4023 narn
550 3982 624 4025 cum
657 3959 885 4045 duodeviginti
918 3963 1159 4026 institutionum
1185 3960 1287 4024 libros
1316 3960 1362 4021 ita
1387 3956 1464 4020 olim

164 4061 289 4124 divisos
312 4084 383 4126 csse
403 4061 673 4126 animadverterit
691 4062 863 4145 Ilertzius,
885 4073 922 4127 ut
940 4064 1097 4151 septimus
1116 4062 1263 4126 decimus
1282 4069 1315 4124 ct
1330 4067 1465 4123 octavus

164 4160 326 4237 decimus,
350 4165 405 4249 qui
427 4172 503 4226 sunt
521 4163 561 4227 dc
584 4163 789 4227 ordinatione
810 4172 842 4227 et
865 4165 1106 4229 constructione
1129 4164 1326 4242 dictionum,
1350 4182 1370 4224 a
1391 4158 1464 4225 reli·

163 4264 236 4348 quis
260 4264 403 4328 sedecim
425 4274 693 4350 segregarentur,
715 4286 783 4328 una
803 4286 878 4335 curu
901 4265 1028 4330 duobus
1050 4265 1091 4329 de
1112 4264 1354 4328 constructione
1371 4260 1465 4325 libris

163 4373 196 4427 et
220 4363 254 4427 hi
274 4374 341 4428 tres
365 4366 407 4429 ad
427 4365 658 4452 Symmachum
682 4367 797 4452 scripti
819 4376 852 4430 et
873 4388 1004 4431 carmen
1025 4365 1066 4430 dc
1088 4363 1289 4452 ponderibus
1307 4374 1339 4427 et
1354 4361 1463 4427 Rufini

163 4468 415 4531 commentarius
437 4467 478 4533 de
497 4468 609 4531 metris
624 4466 771 4532 Terentii
792 4469 869 4555 poni
891 4467 1056 4551 solebant3
1079 4468 1186 4532 rarius
1208 4488 1310 4530 unum
1331 4474 1363 4529 et
1385 4463 1465 4527 altc-

163 4589 234 4630 rum
258 4554 433 4653 separatim
462 4571 665 4656 scripserunt
691 4569 828 4634 librarii.
874 4591 985 4634 omnes
1015 4578 1125 4632 autem
1153 4568 1282 4632 codices
1309 4568 1357 4630 ita
1382 4572 1466 4629 inter

97 4686 101 4693 ·
165 4689 199 4731 se
222 4672 447 4753 consentiunt,
469 4679 507 4735 ut
526 4692 730 4736 communem
752 4671 877 4735 sontem
884 4720 893 4753 ,
916 4692 981 4758 quo
1004 4692 1116 4734 omnes
1138 4669 1172 4733 hi
1193 4668 1272 4733 libri
1290 4690 1372 4755 quos
1394 4666 1465 4731 dixi

164 4789 206 4832 ex
225 4772 409 4858 antiquiore
429 4780 537 4837 aetate
553 4773 724 4859 propagati
741 4782 834 4854 sunt,
851 4774 922 4837 sinc
936 4793 1057 4858 magna
1074 4771 1266 4837 diversitate
1284 4772 1466 4857 scripturae

1199 4874 1263 4937 25*
