3352 5490
556 321 604 383 ltE
625 322 856 385 secessurus
881 324 1003 385 tuussu.
1025 334 1138 388 25—33
1427 323 1490 386 525

247 449 269 489 ρ.
281 437 339 478 reos.
356 438 380 477 es
391 437 413 477 e.
1277 453 1298 490 ρ.
1308 439 1397 478 ars-rs
1408 437 1433 480 x.

197 509 374 582 sacerdotis,
395 519 570 589 armagatos,
589 510 759 587 fervigatos,
783 510 866 590 lepos
887 510 1010 589 leporis,
1028 510 1105 587 quod
1122 510 1317 588 eloquentiam
1337 511 1491 588 siguificat,

196 629 290 688 nepos
311 612 436 690 nepotis.
475 633 509 672 us
529 611 638 690 syllaba
659 611 738 672 fruita
758 613 787 671 in
803 611 978 691 paenultima
998 610 1219 690 productionem
1243 612 1297 670 sibi
1320 611 1490 684 defenduut,

197 718 229 770 ut
256 711 421 784 tribunatus
447 714 633 791 magistratus
663 713 834 773 consulatus
858 712 1054 791 principatus,
1083 720 1112 772 et
1134 713 1230 772 onmia
1254 731 1329 790 quae
1352 732 1368 771 a
1396 712 1490 774 verbis

197 812 332 886 veniunt,
355 833 430 890 (puae
453 826 522 875 sunt
544 814 649 875 similia
672 814 841 893 participio,
871 822 901 872 ut.
923 822 1037 873 amatus
1060 813 1173 873 deletus
1195 822 1304 873 stratus
1335 814 1490 875 lacessitus

171 914 314 992 scupitus
336 916 465 976 numitus
489 916 614 976 auditus.
660 915 844 993 excipiuntur
869 915 956 987 baec,
985 922 1067 975 satus
1089 916 1163 976 situs
1188 916 1256 975 litus
1279 916 1392 992 quitus,
1415 933 1489 992 quae

200 1016 398 1095 corripiuntur
425 1036 482 1076 uon
511 1017 605 1077 solum
624 1008 662 1075 iii
692 1016 877 1095 simplicitate
906 1016 957 1076 sed
981 1016 1068 1076 etiam
1089 1017 1119 1075 in
1143 1016 1370 1094 eorupositione,
1397 1026 1429 1075 ut
1446 1017 1489 1076 in·

190 1098 271 1177 ⁴situs
295 1118 385 1178 illitus
409 1118 557 1194 nequitus.
602 1117 676 1177 citus
701 1136 818 1194 quoquc
844 1117 913 1176 lieet
936 1118 1083 1196 corripere
1101 1126 1130 1176 et
1152 1121 1328 1197 producere:
1366 1117 1490 1179 dicimus

197 1219 273 1280 enim
302 1220 408 1279 incitus
439 1227 466 1278 et
494 1220 612 1279 lucitus.
649 1202 819 1297 ‘composita
848 1238 915 1278 vero
943 1219 979 1277 ab
1002 1237 1037 1279 eo
1060 1218 1086 1278 is
1106 1219 1194 1278 verbo
1223 1218 1434 1297 corripiuntur,
1457 1229 1489 1278 ut
1505 1225 1541 1276 30
1619 1242 1622 1246 ·

197 1320 292 1381 aditus
312 1321 487 1399 praeteritus
510 1320 616 1381 obitus.
651 1340 667 1379 a
690 1321 727 1380 do
749 1338 864 1397 quoque
887 1329 915 1380 et
937 1339 953 1379 a
976 1328 1022 1382 sto
1046 1320 1207 1398 composita
1227 1320 1440 1398 corripiuntur,
1459 1329 1490 1380 ut

163 1423 299 1496 rodatus;
323 1422 390 1482 inde
407 1424 438 1482 tit
460 1422 583 1483 inditus:
606 1431 715 1496 status;
738 1422 805 1482 inde
828 1423 859 1481 dt
878 1422 1005 1481 institus.
1042 1441 1058 1482 a
1078 1439 1146 1481 reor
1166 1421 1314 1494 siruiliter,
1339 1430 1369 1481 ut
1391 1428 1488 1494 ratus;

195 1523 263 1583 indo
286 1525 318 1583 fvt
340 1524 448 1584 irritus.
493 1543 509 1583 a
533 1524 612 1602 spiro
640 1543 755 1601 quoque
778 1533 807 1583 et
829 1524 895 1584 balo
920 1523 1036 1583 uomina
1063 1522 1206 1582 venientia
1228 1523 1411 1594 breviantur,
1434 1520 1487 1604 ιιιΙ

196 1625 317 1703 spiritus
347 1625 462 1685 balitus.
507 1625 544 1684 ab
576 1623 672 1684 arubio
699 1624 840 1685 ambitus:
870 1625 921 1686 sed
953 1624 1070 1702 quaudo
1099 1624 1285 1704 participium
1309 1635 1368 1698 est,
1392 1633 1489 1685 servat

195 1726 367 1806 productam
395 1727 613 1806 paenultimam.
658 1747 673 1787 a
705 1737 790 1788 rutus
822 1746 937 1805 quoque
969 1727 1131 1805 composita
1160 1726 1368 1805 paemdtimam
1397 1727 1489 1786 corri-

195 1827 295 1906 piunt,
322 1837 353 1888 ut
375 1832 475 1889 erutus
499 1828 623 1888 dimtus.
667 1828 826 1889 notandum
851 1837 896 1889 est
918 1847 1060 1906 namque,
1084 1827 1161 1904 quod
1184 1828 1273 1898 baec,
1296 1828 1412 1906 quaudo
1435 1847 1488 1887 ιιιι-
1506 1844 1537 1897 31

161 1928 275 1990 nmina
300 1940 384 2002 sunt,
408 1938 538 2008 tempore
562 1938 678 2003 carent,
694 1931 809 2008 quando
833 1950 900 1990 vero
923 1929 1091 2009 participia,
1115 1938 1230 2007 tempus
1254 1948 1320 1989 curu
1344 1930 1490 2007 signifiea-

196 2031 274 2090 tioue
291 2029 508 2103 demonstrant,
532 2040 563 2091 ut
591 2031 723 2092 ‘amatus
749 2051 814 2093 sum
836 2032 945 2103 illum’,
976 2032 1005 2091 id
1029 2039 1074 2090 est
1095 2031 1199 2090 ‘arctavi
1223 2031 1325 2090 illum'.
1371 2031 1489 2090 nomina

194 2151 263 2203 vero
287 2133 387 2192 tertiae
408 2133 610 2193 declinationis
626 2134 809 2193 terminantia
826 2154 861 2193 us
878 2133 1085 2193 nominativum
1109 2132 1289 2199 breviantur,
1308 2150 1382 2209 quae
1402 2149 1488 2210 supra

196 2233 281 2294 dictis
298 2235 489 2308 conveniunt,
514 2243 544 2295 ut
564 2234 689 2294 servitus
710 2232 870 2315 [fraxinum
894 2233 1038 2312 excipitur
1052 2252 1196 2312 papyrus,
1213 2234 1292 2309 quod
1307 2232 1487 2312 producitur,

195 2343 226 2396 ut
247 2335 335 2397 furius
355 2334 481 2416 papyri}
526 2336 580 2397 alia
603 2354 671 2395 vero
694 2336 803 2410 ornnia,
832 2353 1007 2413 quamquam
1033 2352 1091 2393 non
1113 2334 1172 2393 siut
1193 2332 1279 2412 longa
1302 2334 1331 2392 iu
1354 2333 1486 2393 nomina·
1503 2349 1537 2399 32

156 2451 188 2494 'ao
198 2438 271 2511 tivo,
298 2438 445 2498 tamenin
469 2437 532 2499 aliis
558 2437 675 2498 casibus
699 2437 885 2515 producenda
910 2443 993 2508 suut,
1017 2443 1048 2495 ut
1069 2435 1195 2495 servitus
1218 2435 1380 2509 servitutis,
1403 2431 1487 2514 palus

195 2538 325 2616 paludis,
353 2539 487 2599 iuventus
515 2539 688 2598 iuventutis:
726 2538 910 2616 excipiuntur
937 2538 1023 2608 baec,
1049 2556 1124 2616 quae
1150 2536 1367 2615 corripiuntur,
1392 2536 1487 2597 l'euus

194 2639 330 2711 Veneris,
361 2640 450 2718 Ligus
476 2640 609 2718 Liguris,
635 2639 720 2719 lepus
742 2639 866 2717 leporis,
889 2639 966 2717 quod
990 2638 1095 2698 animal
1115 2648 1169 2698 est.
1214 2639 1331 2717 propria
1354 2658 1421 2698 vero
1444 2637 1487 2698 vel

194 2741 365 2820 appellativa
395 2741 547 2802 masculini
579 2743 710 2820 generis,
740 2740 800 2800 sive
831 2759 863 2800 ex
895 2760 926 2800 se
962 2737 1100 2800 feminina
1125 2739 1248 2812 faciunt,
1278 2740 1337 2800 sive
1359 2740 1387 2799 iu
1409 2739 1486 2799 aliud

194 2840 304 2924 gallinis
333 2843 450 2902 minime
480 2840 765 2924 transformantur,l
791 2842 972 2915 breviantur,
1007 2850 1038 2903 ut
1069 2841 1222 2901 Terentius
1255 2839 1380 2902 ilarius:
1411 2842 1487 2901 exei-

157 2944 314 3024 nspiuutur
336 2944 408 3004 baec
430 2963 503 3023 quae
526 2944 635 3005 lnbent
657 2964 672 3004 a
695 2944 723 3003 iu
747 2944 924 3023 paenultima
948 2943 991 3002 vol
1013 2943 1232 3023 possessiouem
1255 2942 1420 3019 significant
1443 2944 1485 3003 vel

193 3065 209 3106 a
233 3047 456 3125 possessoribus
485 3046 667 3119 derivantur,
695 3055 725 3106 ut
744 3045 890 3106 llariauus
913 3045 1106 3105 Terentianus
1128 3049 1286 3124 tlapuanus
1308 3044 1488 3105 Beneventa-

193 3167 249 3208 nus
277 3147 424 3228 llispanus
452 3147 638 3208 Placentinus
667 3147 816 3226 leporinus
840 3148 981 3207 taurinus.
1027 3164 1100 3224 quae
1125 3155 1222 3206 autern
1243 3146 1352 3207 babent
1374 3167 1390 3207 c
1412 3148 1488 3206 iuter

193 3248 253 3309 iet
276 3269 294 3309 u
318 3249 346 3309 in
370 3250 548 3328 paerrultimo
569 3249 650 3319 loeo,
678 3249 891 3328 corripiuntur,
919 3259 950 3308 ut
978 3250 1110 3328 porticus
1131 3247 1258 3307 Gallicus
1285 3247 1401 3309 italicus
1422 3248 1487 3308 dle-

182 3349 345 3411 'maunicus
371 3351 564 3411 lfomauicus:
594 3352 777 3431 excipiuntur
802 3366 834 3409 ea
861 3370 935 3428 quae
959 3350 1069 3409 babent
1090 3369 1124 3424 a,
1148 3358 1180 3408 ut
1201 3350 1389 3440 Taurindcus.

157 3475 184 3517 so
278 3454 317 3511 ,lx
341 3451 449 3529 svllaba
472 3452 624 3512 terminata
655 3453 752 3514 omnia
781 3453 993 3531 corripiuntur,
1023 3460 1055 3511 ut
1075 3453 1230 3511 eduturnnx
1260 3453 1392 3532 pertinax
1419 3455 1484 3532 pir·
1502 3466 1537 3518 33

193 3554 288 3626 vieax;
316 3563 344 3613 et
374 3555 403 3613 iu
427 3553 550 3632 obliquis
575 3555 692 3615 ensibus
719 3554 937 3633 producuntur,
961 3563 992 3614 ut
1012 3554 1192 3614 conturnicis
1215 3554 1370 3634 pertiueieis
1393 3555 1487 3633 pervi-

193 3657 278 3715 eeleis.
324 3674 358 3713 ex
388 3654 495 3733 syllaba
524 3657 676 3717 terminata
704 3656 887 3726 breviantur,
917 3664 947 3716 ut
976 3656 1079 3716 artilex
1105 3657 1215 3716 avrrifex
1245 3656 1366 3716 uuuifex
1391 3657 1487 3735 opifex

192 3758 313 3836 opitleis.
361 3757 411 3816 sed
441 3759 586 3837 reperitur
614 3778 703 3820 unum
734 3759 887 3819 masculini
916 3758 1047 3836 generis,
1071 3760 1146 3836 quod
1172 3757 1199 3817 iu
1223 3758 1349 3836 obliquis
1370 3757 1486 3818 ensibus

192 3880 208 3918 e
237 3860 406 3938 productam
435 3870 549 3932 servat,
578 3869 609 3920 ut
635 3861 683 3920 bic
712 3880 813 3921 vervex
840 3861 927 3921 lmius
956 3860 1100 3932 vervecis,
1128 3860 1205 3937 qnod
1229 3859 1336 3920 animal
1360 3867 1413 3917 est.
1458 3859 1483 3917 ix
1503 3875 1537 3926 31

158 3960 302 4038 asspllafra
326 3961 403 4021 finita
431 3961 646 4039 producuntur,
673 3970 705 4021 ut
724 3963 857 4023 bellatrix
877 3961 1019 4022 venatrix:
1043 3961 1226 4040 excipiuntur
1248 3961 1383 4021 meretrix
1406 3959 1486 4036 geni-

263 4181 274 4231 l
296 4181 466 4244 eloquentiam
481 4183 659 4247 Groninpnnns
677 4182 834 4244 eloquentem
851 4182 902 4230 GH
963 4181 979 4228 8
998 4181 1137 4245 compositu
1156 4196 1216 4229 uero
1229 4181 1261 4228 nb
1281 4181 1316 4228 iui
1332 4187 1355 4227 et
1373 4179 1388 4227 ii
1407 4179 1486 4228 corri-

191 4253 295 4317 piuntur
315 4254 342 4299 ΙΙ
396 4251 426 4299 ltl
446 4261 470 4298 ut
490 4261 589 4301 amatus
607 4267 664 4301 sum
681 4251 711 4299 nb
726 4252 769 4298 illo
783 4289 788 4300 .
804 4252 904 4299 nornine
923 4247 1078 4304 §.ceterum
1095 4252 1216 4313 precedam
1230 4251 1357 4299 cartainse
1371 4250 1487 4298 uidentur

191 4323 224 4369 de
248 4321 385 4369 nominibus
406 4322 532 4370 secundae
556 4322 744 4378 declinationis,
764 4321 800 4368 nd
823 4335 887 4383 picae
907 4319 1067 4379 pertinebant
1090 4334 1123 4368 eu
1139 4336 1203 4384 qrnrc
1219 4323 1302 4370 alieno
1328 4322 1382 4369 loeo
1401 4321 1486 4380 posita

190 4400 249 4439 nunt
271 4389 434 4438 letrannus
456 4417 486 4427 -
509 4389 540 4439 tt)
559 4392 649 4455 papyri
731 4389 761 4438 17
786 4390 945 4438 termiuuutiu
964 4403 994 4436 us
1012 4389 1169 4437 nominatiuo
1194 4389 1368 4453 producuntur
1384 4403 1449 4451 quoe
1471 4402 1487 4435 u

191 4460 345 4525 supradietis
364 4475 413 4506 nou
433 4461 540 4508 ueniunt
559 4469 586 4508 ut
605 4460 733 4508 seruitus.
748 4460 874 4524 exeipitur
894 4458 915 4506 G
1002 4460 1031 4508 'll
1053 4459 1223 4522 eovripiuutur
1242 4461 1267 4506 iu
1287 4458 1443 4506 nomirmtiuo
1463 4457 1485 4505 θ

261 4532 295 4578 et
313 4528 528 4578 transformantur
547 4531 568 4578 si
594 4538 653 4577 sunt
673 4529 801 4591 trisyllaba
821 4528 859 4575 uel
877 4527 1039 4588 tetrasyllaba
1057 4542 1086 4574 ue
1104 4528 1226 4591 deineeps
1244 4527 1363 4576 babentia
1382 4528 1389 4574 i
1408 4527 1486 4575 corri-

191 4600 347 4663 piuutur.t·
357 4598 488 4653 verninse
557 4599 591 4649 '26
609 4597 748 4645 martianus
768 4599 789 4646 (ι’
810 4596 948 4644 rivaritnnus
964 4597 992 4644 ΙΙ
1060 4597 1093 4644 et
1112 4598 1319 4661 plneeutnnusll
1388 4596 1423 4645 28
1440 4595 1485 4643 uli·

191 4669 325 4715 mannieus
344 4669 487 4715 romnuieus
507 4668 535 4715 II
552 4667 735 4716 nllemaurrieus
754 4666 908 4715 rovnnutieus
927 4666 1105 4714 nieuueusicus
1125 4669 1146 4713 (i
1202 4666 1235 4716 32
1256 4666 1381 4715 maurifex
1400 4664 1486 4730 opifex

192 4738 291 4802 opitleis
312 4736 338 4783 If
355 4737 482 4785 maru-ifex
502 4753 578 4786 sorex
592 4735 678 4802 opifex
694 4737 714 4782 (ι’
731 4734 827 4800 opifex,
846 4749 911 4796 quae
928 4736 1012 4783 onmia
1026 4735 1051 4782 iu
1068 4734 1178 4797 obliquis
1191 4738 1293 4786 ensibus
1308 4737 1487 4802 corripiuntur,

192 4816 219 4856 nt
238 4806 339 4875 opitleis
358 4805 470 4855 arrrifreis
489 4821 578 4855 nivrrex
595 4805 699 4854 muricis
714 4819 789 4853 sorex
808 4804 899 4853 soricis
917 4817 934 4860 ς
