3352 5490
179 368 241 430 utu
735 366 921 430 Ptttsuttttt

230 495 252 534 p.
263 481 320 522 aare.
335 482 360 522 ru
370 482 393 522 n.
1278 492 1303 533 ρ.
1314 480 1368 523 ast.
1383 480 1414 521 aa
1424 480 1454 522 u.

111 560 163 613 adu
182 551 300 623 Quare?
323 553 395 623 Quia
412 553 509 615 omnia
531 553 693 614 masculina
716 553 760 613 rel
783 552 920 613 feminina
938 553 981 612 rel
996 551 1161 613 eommunia
1183 558 1247 611 tam
1265 552 1392 614 Graeca
1411 570 1504 633 quant

179 653 281 715 Latina
304 655 332 714 in
356 674 372 714 a
395 654 557 715 desinentia
576 653 687 733 primae
708 663 778 714 snm
798 653 1016 727 declinationis,
1035 654 1164 732 exeeptis
1184 652 1246 714 illis
1263 670 1350 731 quae
1365 672 1503 715 naseun-

180 763 228 816 tur
250 775 265 815 a
286 754 456 818 masculinis
474 755 503 815 in
523 738 576 815 ius*
594 755 817 817 terminantibus
840 754 1021 832 genetivum,
1044 772 1120 833 quae
1143 762 1213 815 suut
1230 753 1326 831 haee,
1353 773 1418 817 una
1439 754 1498 817 ulla

179 857 258 918 nulla
286 856 347 918 sola
371 864 431 917 tota
458 857 512 918 alia
543 865 607 918 utra
631 857 736 928 altera,
763 864 792 916 et
814 873 889 932 quae
915 874 949 916 ex
971 856 1018 917 his
1040 865 1278 936 componuntur;
1308 856 1459 919 similiter
1479 876 1496 919 a

178 976 234 1036 qua
255 958 433 1037 composita,
457 958 540 1037 siqua
563 976 658 1036 nequa
675 957 780 1035 aliqua.
826 975 859 1017 ea
876 957 953 1016 euim
975 957 1139 1035 genetivum
1160 964 1190 1017 et
1211 956 1348 1019 datiuum
1368 976 1518 1019 maseu=s

178 1059 302 1121 tinorum
332 1068 449 1120 servant
476 1078 611 1132 suorum,
634 1058 712 1119 unde
740 1058 857 1136 quitiam
881 1077 940 1119 uon
966 1059 1002 1119 ad
1025 1057 1269 1137 siguilioatiouem
1294 1059 1352 1120 sed
1377 1058 1419 1120 ad
1438 1059 1494 1120 de·

179 1160 364 1222 minationem
389 1159 580 1222 adtendentes
601 1160 774 1241 pronomina
797 1178 829 1220 ea
847 1178 914 1221 esse
935 1167 1119 1243 putauerunt.

110 1272 162 1324 207
265 1260 432 1339 Reliquit
454 1280 529 1339 quae
548 1281 617 1342 pars
636 1261 777 1323 orationis
796 1259 862 1323 est?
883 1261 1019 1323 Verbum.
1044 1261 1145 1333 Quale,
1162 1260 1190 1321 id
1207 1269 1252 1322 est
1268 1261 1358 1323 euius
1382 1258 1490 1323 mouit

178 1364 335 1426 ludicatiri.
380 1364 470 1424 liuius
499 1361 631 1425 soranae?
674 1363 840 1437 Persectae,
868 1363 1081 1441 coniugationis
1107 1362 1224 1437 tertiae,
1252 1363 1488 1440 significationis

178 1467 298 1540 activae,
322 1466 435 1526 numeri
459 1465 631 1544 singularis,
654 1468 764 1544 ligneae
786 1464 975 1544 compositae.
1008 1464 1051 1524 Ea
1073 1461 1201 1543 quibus?
1227 1462 1273 1525 Er
1292 1464 1522 1528 duobus-iu-ra

177 1569 283 1647 tegris,
314 1586 347 1627 re
375 1577 403 1627 et
431 1566 523 1645 liquit.
568 1565 724 1647 separatim
759 1574 855 1626 tamen
890 1584 923 1625 re
955 1565 1011 1627 diei
1039 1584 1098 1626 nou
1121 1572 1234 1645 potest3
1269 1565 1348 1644 quod
1380 1574 1484 1627 tamen

177 1670 295 1747 quidam
323 1667 421 1727 rolunt
443 1688 458 1727 a
487 1676 565 1728 retro
593 1667 637 1728 rel
660 1687 762 1729 rursus
785 1686 860 1728 esse.
905 1666 982 1745 quod
1007 1667 1033 1731 si
1056 1667 1108 1740 sit,
1133 1686 1168 1727 ex
1187 1674 1329 1746 corrupto
1349 1674 1382 1727 et
1404 1666 1484 1728 inte·

178 1788 231 1848 gro
257 1768 402 1829 inuenitur
430 1787 462 1827 ea
489 1787 572 1848 pars;
608 1768 692 1846 liquit
723 1769 801 1829 enim
832 1769 993 1848 perlectum
1021 1779 1074 1829 est.
1119 1768 1208 1829 Cuius
1234 1776 1280 1828 est
1310 1766 1482 1848 temporis?

179 1869 340 1932 Praeteriti.
385 1854 482 1939 tluare
506 1870 605 1948 linquo
629 1866 718 1952 lillqui
733 1871 802 1931 lacit
822 1869 1033 1950 praeteritum?
1056 1870 1130 1941 Onia
1151 1889 1170 1930 u
1192 1867 1330 1930 lubentia
1350 1877 1424 1931 ante
1443 1888 1480 1931 oo

179 1973 223 2033 rel
247 1992 304 2050 quo
323 1972 435 2033 abiecta
455 1991 474 2032 n
496 1970 608 2033 lanium
630 1972 835 2050 praeteritum,
856 1971 955 2050 linquo
974 1971 1060 2049 liqui,
1084 1971 1167 2031 vineo
1187 1968 1250 2030 rici.
1286 1969 1426 2032 similiter
1439 1970 1478 2033 ab
1490 1986 1513 2027 n

179 2076 223 2136 eis
246 2074 423 2154 composita,
447 2074 568 2134 derium
590 2071 698 2145 dorici,
722 2069 872 2153 conlriueo
891 2073 1017 2145 corrrici,
1039 2072 1172 2151 relinquo
1189 2070 1312 2149 reliqui,
1335 2071 1479 2151 delinquo

179 2176 301 2255 deliqui,
325 2175 496 2254 derelinquo
518 2174 674 2252 dereliqui,
695 2183 724 2234 et
742 2176 910 2254 producunt
931 2175 938 2235 i
961 2174 1169 2255 paenultimam
1189 2173 1218 2233 iu
1242 2173 1404 2252 praeterito
1425 2193 1479 2234 na·

110 2289 162 2341 208
180 2278 320 2339 turaliter.
362 2277 480 2338 [leelina
503 2276 632 2338 rerluuu.
673 2277 815 2354 llelinquo
835 2276 1036 2353 relinquebam
1059 2276 1160 2354 reliqui
1184 2274 1362 2351 reliqueram
1385 2274 1479 2336 relin-

177 2399 280 2458 quam;
302 2379 472 2459 imperativo
494 2377 641 2459 praesenti
664 2379 797 2455 relinque
817 2377 964 2455 relinquat
983 2377 1184 2455 relinquamus
1205 2375 1362 2454 relinquite
1385 2378 1477 2438 relin-

167 2491 284 2560 quant,
315 2481 412 2541 lutuno
438 2479 594 2558 relinquito
622 2487 668 2551 tu,
699 2471 856 2555 relinquito
888 2478 952 2552 ille,
990 2478 1192 2556 relinquitote,
1226 2481 1402 2552 retirtpuunt
1431 2481 1509 2539 telae

177 2583 379 2661 relinquorum
402 2582 529 2661 optativo
548 2582 657 2642 utinam
673 2580 869 2657 relinquerem
889 2580 1073 2659 reliquissem
1093 2579 1256 2657 relinquam
1263 2598 1271 2653 ;
1289 2579 1476 2642 subiunctim

178 2704 244 2747 cunr
267 2682 429 2761 relinquam
451 2682 645 2759 relinquerem
671 2682 839 2759 reliquerim
865 2681 1049 2760 reliquissem
1071 2680 1232 2759 reliquer03
1258 2681 1403 2743 infinitivo
1429 2701 1477 2743 re-

178 2787 310 2865 linquere
337 2784 491 2863 reliquisse
518 2784 650 2846 relietum
678 2784 720 2844 ire
744 2783 788 2844 rel
809 2782 978 2844 relicturum
1005 2801 1081 2844 esse.
1127 2781 1245 2842 [leelina
1269 2783 1357 2845 etiam
1378 2784 1476 2863 passi·

179 2907 254 2949 rum.
291 2887 447 2948 ludicatiro
475 2885 639 2963 relinquor,
664 2885 864 2964 relinquetur,
893 2884 1013 2945 relictus
1040 2902 1106 2946 sum
1132 2883 1175 2943 rel
1204 2883 1324 2946 relictus
1347 2885 1405 2957 lui,
1428 2903 1475 2946 re·

177 2989 265 3051 lictus
296 3007 374 3049 eram
399 2988 442 3049 rel
465 2986 583 3048 relictus
605 2989 731 3060 rueram,
754 2987 918 3064 relinquar;
941 2985 1112 3065 imperativo
1135 2985 1283 3065 praesenti
1305 2984 1506 3065 relinquerem

179 3091 361 3169 relinquatur
391 3090 592 3167 relinquamur
624 3088 819 3167 relinquimini
855 3087 1072 3165 relinquantur,
1102 3087 1199 3148 luturo
1226 3085 1402 3164 relinquitur
1430 3096 1473 3161 tn,

178 3193 351 3270 relinquitur
365 3189 428 3263 ille,
442 3190 679 3268 relinquimiuor,
696 3190 898 3267 relinquantur
911 3188 952 3248 rel
970 3188 1188 3266 relinquuntur·;
1210 3188 1339 3268 optativo
1360 3188 1472 3250 utinam

178 3294 374 3372 relinquerer,
397 3293 517 3353 relictus
540 3309 635 3352 essem
657 3290 699 3351 rel
722 3292 840 3353 relictus
858 3291 993 3363 luissem,
1015 3289 1180 3367 relinquar;
1206 3290 1390 3352 subiunctim
1407 3309 1472 3351 oum

178 3396 343 3474 relinquar,
372 3393 568 3472 relinquerer,
597 3392 718 3454 relictus
741 3394 795 3454 sim
819 3391 861 3453 rel
884 3392 1005 3454 relictus
1025 3391 1146 3464 fuerim,
1166 3390 1285 3453 relictus
1308 3410 1405 3454 essem
1429 3392 1472 3453 uel

110 3513 162 3566 209
180 3497 298 3558 relictus
321 3496 460 3568 luissent,
484 3494 604 3555 relictus
627 3513 677 3555 ero
700 3495 744 3555 rel
770 3495 890 3555 relictus
914 3496 1013 3567 iuero;
1035 3492 1149 3553 indulto
1171 3493 1312 3570 relinqui,
1338 3493 1506 3560 relietumao

179 3617 245 3659 esse
268 3597 310 3658 rel
333 3596 467 3656 relietum
486 3595 592 3664 luisse,
618 3595 751 3656 relietum
775 3596 818 3656 iri.
863 3596 1003 3674 gerundia
1025 3594 1069 3654 rel
1092 3594 1196 3674 supina
1219 3593 1403 3672 relinquendi
1426 3613 1472 3657 re·

177 3698 337 3776 linquendo
360 3695 582 3774 relinquendum
605 3696 738 3757 relietum
767 3696 880 3757 relietu.
926 3696 1077 3777 partieipia
1100 3696 1192 3756 aetina
1216 3697 1381 3779 prueseutis
1400 3705 1473 3758 tem·

112 3846 120 3860 .
177 3799 258 3880 poris
284 3798 469 3875 relinquens,
493 3798 581 3859 staturi
604 3797 777 3873 relicturus3
807 3798 923 3878 passiva
945 3797 1092 3878 praeteriti
1115 3796 1251 3870 relictus,
1276 3797 1367 3858 luituri
1385 3798 1473 3860 relin-

178 3900 326 3980 quendus?
344 3919 451 3961 nomeu
472 3899 587 3961 rerbale
602 3898 720 3960 relictor
742 3908 771 3960 et
792 3899 934 3971 adiutrix,
957 3900 1021 3979 ipsa
1039 3918 1088 3959 res
1105 3899 1234 3973 relietio;
1255 3908 1354 3978 potest
1375 3909 1471 3961 tamen

178 4013 207 4064 et
229 4003 348 4064 relictus
368 4001 445 4076 diei,
466 4000 517 4063 sed
540 4008 661 4079 quartae
686 4001 896 4063 declinationis.
942 4000 1011 4061 ltine
1033 4000 1180 4062 derivatur
1202 4008 1231 4060 et
1252 4000 1383 4078 reliquus
1404 4001 1504 4065 reli-ai

178 4124 235 4184 qna
257 4104 401 4183 reliquum
425 4111 453 4163 et
476 4103 632 4182 reliquiae,
656 4104 732 4181 quod
756 4113 860 4183 poetae
880 4102 1052 4183 interposita
1075 4101 1083 4161 l
1105 4100 1254 4180 relliquiae
1275 4103 1361 4163 metri
1383 4122 1471 4165 eausa

179 4207 339 4285 proferunt.
386 4215 431 4266 est
452 4205 539 4266 etiam
558 4203 695 4283 delinquo
715 4204 947 4285 praeterlinqun,
971 4223 987 4264 a
1011 4202 1148 4282 delinquo
1170 4202 1309 4263 delictum
1330 4223 1385 4285 pro
1403 4222 1472 4285 pec·

179 4315 257 4380 rato,
278 4290 522 4386 ‹pirod'delinquit
545 4308 673 4371 ollleium
696 4326 782 4369 suum
798 4305 848 4385 qui
873 4313 983 4385 peceat.
1027 4306 1031 4313 '

249 4492 281 4543 14
300 4495 385 4557 linquo
405 4496 484 4559 linqui
507 4494 539 4555 0,
557 4496 582 4543 in
604 4510 652 4560 quo
675 4496 767 4545 iteruin
783 4495 887 4558 reliquis
905 4491 990 4562 verbio
1007 4507 1071 4557 quoe
1087 4496 1208 4542 aecunttrr
1224 4498 1248 4540 et
1262 4493 1286 4541 iu
1305 4492 1472 4544 decliuutiane

178 4561 248 4610 aenda·
260 4561 376 4625 relinquo
390 4578 405 4612 u
420 4566 506 4615 tittera
524 4564 614 4614 addita
631 4572 670 4614 est
685 4565 776 4626 sororia
794 4564 930 4625 praeteriti
946 4563 1063 4625 temporis
1136 4562 1167 4612 18
1184 4561 1287 4610 [leelina
1306 4562 1413 4612 uerbum
1432 4562 1470 4613 M.

178 4629 278 4693 Liuquo
296 4642 319 4680 et
335 4639 382 4682 eet.
403 4636 429 4683 Δ
443 4634 545 4682 liecliua
564 4634 640 4683 etiam
654 4634 822 4700 passiuumd'
892 4632 926 4682 20
946 4633 1088 4694 relinquant
1108 4631 1146 4680 rel
1165 4646 1211 4680 om.
1230 4628 1270 4680 OS
1339 4632 1374 4684 26
1394 4632 1470 4682 relin-

179 4699 284 4760 quiminl
304 4700 346 4748 (ἰδ’
363 4701 540 4767 relinquamini
555 4703 576 4753 0
