3352 5490
250 341 312 402 454
803 337 991 399 PRlSClle

291 468 324 509 p.
341 455 390 498 rata
412 454 435 496 n
450 454 473 494 r.
1329 465 1349 503 μ.
1365 451 1410 490 ns.
1425 451 1451 492 ro
1466 452 1496 492 ιι.

253 546 301 587 nm
327 526 465 586 desinens
486 535 513 584 et
537 525 655 584 rerlrum
679 524 737 595 ire,
757 534 790 584 ut
813 531 941 584 amatum
964 521 1020 597 ire,
1041 523 1158 584 doctum
1179 523 1238 595 ire,
1262 522 1368 582 lectum
1385 523 1442 595 ire,
1463 523 1552 585 audi·

254 636 314 689 tum
339 627 397 699 ire,
416 625 464 692 ,rel
487 645 540 705 per
561 625 746 705 participium
770 628 897 686 lutnrum
922 635 1057 686 neutrum
1080 635 1109 686 et
1127 644 1209 697 esse,
1231 634 1262 685 ut
1282 632 1447 684 amaturum
1467 643 1549 697 esse,

253 730 406 790 docturum
428 747 509 799 esse,
532 728 675 787 lectruum
699 747 781 800 esse,
805 727 969 787 auditurum
983 724 1067 787 esse.

340 829 532 909 Participialia
555 828 598 887 rel
619 829 739 908 supina,
763 847 838 906 (puae
861 837 1030 889 trescasas
1054 829 1187 890 ridentur
1214 828 1322 889 hahere
1349 836 1377 888 et
1405 827 1471 888 loeo
1503 827 1551 888 in-

254 932 354 994 finitivi
376 951 442 991 eum
473 929 593 991 articulo
615 929 761 991 coniuncti
785 930 860 1010 apud
885 929 1013 990 Graecos
1035 931 1234 1010 accipiuntur,
1260 937 1422 991 nascuntur
1442 949 1458 991 a
1479 949 1549 1009 par·
1575 953 1588 989 a

256 1033 355 1113 ticipio
381 1033 545 1112 praesentis
568 1032 708 1110 temporis
733 1052 747 1092 s
769 1033 797 1092 in
828 1031 845 1090 d
869 1049 1008 1091 conversa
1032 1041 1060 1090 et
1083 1032 1179 1092 addita
1202 1033 1211 1092 i
1233 1031 1277 1091 rel
1303 1052 1320 1091 o
1347 1030 1391 1090 rel
1419 1050 1485 1105 um,
1515 1041 1551 1092 ut

204 1146 238 1198 08
257 1155 359 1196 amans
378 1133 493 1196 amandi
517 1133 640 1195 amando
658 1135 825 1194 amandum.
871 1141 987 1192 suntet
1011 1134 1064 1193 alia
1088 1134 1161 1206 duo,
1184 1153 1259 1211 (pirae
1280 1133 1315 1193 ad
1335 1134 1459 1193 sormam
1479 1152 1550 1212 par·

255 1238 346 1317 ticipii
369 1235 516 1316 praeteriti
541 1235 681 1315 temporis
701 1235 838 1295 desinunt
860 1235 888 1294 in
911 1254 959 1295 um
977 1236 1020 1295 rei
1041 1236 1071 1295 in
1094 1256 1130 1309 u,
1154 1245 1185 1295 ut
1206 1243 1333 1294 amatum
1355 1243 1462 1295 amatu.
1494 1236 1549 1296 sed

255 1340 312 1400 hoc
340 1339 463 1399 interest
489 1338 565 1397 inter
592 1337 747 1398 amandum
774 1346 803 1396 et
830 1338 953 1397 amando
976 1346 1005 1397 et
1032 1338 1108 1398 inter
1128 1345 1256 1397 amatum
1279 1345 1308 1395 et
1330 1346 1444 1409 amatu,
1466 1339 1548 1416 quod

255 1441 409 1501 amandum
435 1440 638 1500 necessitatem
661 1439 770 1499 amoris
793 1438 951 1515 significat,
972 1449 1098 1500 amatum
1118 1448 1214 1499 autem
1238 1439 1356 1499 itionem
1377 1439 1413 1498 ad
1435 1456 1586 1501 amarem

205 1553 240 1605 59
258 1541 390 1603 similiter
400 1553 451 1600 est
465 1550 494 1600 et
509 1541 633 1601 amando
644 1541 673 1601 in
685 1540 750 1620 ipso
766 1558 875 1612 amore,
887 1549 984 1600 amatu
1002 1560 1068 1600 reru
1084 1560 1137 1618 pro
1152 1541 1298 1600 nutatione
1310 1540 1354 1599 rel
1368 1560 1421 1620 pro
1435 1561 1549 1615 amore,

256 1644 284 1704 id
308 1651 354 1702 est
375 1661 429 1721 pro
451 1643 514 1721 ipsa
535 1662 581 1714 rc,
600 1643 751 1721 accipitur.
796 1649 825 1700 et
844 1639 848 1722 l
868 1642 941 1702 haec
963 1643 1131 1702 manifestat
1149 1642 1235 1703 etiam
1258 1643 1322 1721 ipsa
1345 1643 1548 1720 interpretatio

257 1745 383 1816 Graeca,
408 1743 486 1821 iluod
509 1744 659 1823 superiora
685 1743 890 1803 intinitivorum
919 1764 978 1804 nim
1006 1745 1100 1805 solum
1131 1764 1197 1805 cum
1228 1742 1349 1805 articulo
1377 1744 1429 1803 sed
1458 1745 1549 1805 etiam

257 1864 325 1907 cnm
348 1845 565 1925 praepositione
587 1844 643 1903 vim
666 1844 790 1916 liabent,
810 1854 842 1904 ut
859 1845 905 1905 ‘in
928 1847 985 1906 ltoc
1004 1846 1155 1907 laciendo'
1176 1841 1207 1903 ἕν
1227 1846 1269 1927 cpi
1291 1849 1397 1918 ποιεῖν,
1418 1846 1468 1906 ‘ad
1490 1846 1550 1906 hoc

204 1959 240 2012 00
258 1948 439 2009 laciendnm’
463 1941 537 2024 πρὸς
559 1936 590 2003 τὸ
612 1950 710 2003 ποιεῖν
732 1944 782 2005 καὶ
804 1945 949 2022 ποιητέον,
973 1947 1096 2008 faciendi
1121 1966 1174 2026 pro
1198 1950 1331 2027 ‘oportet
1354 1949 1478 2006 lacere'.
1499 1964 1585 2008 seia
1635 1993 1641 2001 .

255 2049 406 2128 quentium
437 2068 504 2108 rero
534 2047 657 2108 alterum
692 2067 757 2108 cum
786 2049 1002 2128 praepositione
1026 2048 1134 2109 Graeca
1163 2057 1192 2109 et
1218 2048 1339 2109 articulo
1373 2048 1549 2110 intinitirum

256 2152 415 2229 significat,
441 2159 473 2209 ut
494 2158 628 2209 renatum
651 2147 691 2219 εἰς
711 2141 743 2208 τὸ
763 2151 972 2228 rumpentium,
996 2149 1037 2209 rel
1058 2150 1150 2228 magis
1174 2170 1226 2229 pro
1249 2150 1311 2229 ipsa
1335 2151 1424 2210 read
1448 2150 1547 2212 locum

255 2253 412 2332 accipitur,
436 2259 571 2311 renatum
599 2251 709 2329 proed
733 2253 931 2323 vernationem,
955 2252 1101 2328 quomodo
1123 2260 1153 2312 et
1175 2262 1279 2312 reiratu
1303 2271 1356 2331 pro
1383 2253 1548 2326 venatione,

257 2353 349 2434 [sicut
378 2352 543 2414 miserabile
569 2354 631 2412 risu
655 2371 710 2431 pro
736 2351 860 2432 risione]
890 2363 922 2413 ut
944 2356 1017 2413 ‘uec
1046 2354 1108 2414 risu
1129 2354 1240 2415 sacilis'
1269 2355 1342 2413 ‘nec
1367 2353 1446 2413 dictu
1476 2354 1549 2415 alla-

256 2455 340 2515 nttts’
369 2474 422 2533 pro
447 2455 559 2514 risione
585 2463 614 2514 et
641 2452 777 2514 dictione.
800 2451 821 2536 Η
835 2445 937 2514 multis
956 2456 1044 2533 igitur
1066 2455 1176 2525 modin,
1207 2456 1283 2515 sieut
1305 2462 1335 2513 et
1356 2453 1384 2513 in
1407 2454 1472 2515 aliis
1494 2456 1583 2514 do·au

256 2557 370 2618 cuimus
398 2555 486 2629 locis,
516 2556 632 2617 nomina
659 2563 728 2616 sunt
754 2556 827 2616 lraec
855 2557 1024 2636 accipienda
1055 2556 1147 2635 magis
1174 2575 1260 2633 qnam
1286 2556 1382 2616 rerba.
1417 2555 1550 2617 undeet

257 2658 489 2739 praepositiones
517 2657 704 2718 inveniuntur
732 2667 799 2717 ante
826 2678 859 2718 ea
889 2677 963 2735 quae
991 2659 1020 2718 in
1048 2659 1117 2718 dnm
1140 2658 1294 2731 desinunt,
1323 2658 1371 2736 qui
1394 2666 1438 2717 est
1460 2676 1551 2718 aneu-

256 2761 379 2828 satirus,
415 2760 458 2819 rel
490 2759 518 2819 in
550 2760 603 2831 do,
634 2760 683 2836 qui
719 2768 765 2818 est
792 2759 949 2832 ablaticus,
977 2760 1106 2840 positae,
1139 2767 1171 2818 ut
1198 2759 1232 2818 ad
1262 2759 1416 2819 antandron
1446 2758 1491 2819 rel
1518 2759 1550 2819 in

176 2939 180 2945 ,
256 2862 388 2923 amando.

207 2975 236 3025 01
343 2962 460 3024 Passim
489 2962 575 3022 ιιι-[ιιι
602 2981 635 3021 ex
665 2963 764 3023 activis
790 2965 863 3022 liunt
885 2961 942 3022 hoo
963 2963 1067 3024 modo:
1098 2963 1194 3022 onmia
1223 2963 1313 3023 actim
1337 2962 1585 3041 cuiuscumquera

258 3065 471 3142 coniugationis
494 3065 523 3124 iu
546 3082 731 3142 quocumque
759 3072 890 3142 tempore
918 3064 961 3124 rel
984 3066 1071 3124 modo
1096 3064 1140 3124 rel
1163 3083 1291 3144 persona
1317 3063 1382 3125 ino
1411 3064 1551 3126 ‹lesinen-

259 3167 298 3231 tia
318 3167 477 3228 atlsumnut
497 3186 512 3226 r
535 3175 563 3225 et
580 3166 688 3226 faciunt
710 3167 823 3246 passiva
847 3186 915 3239 sua,
938 3175 969 3226 ut
983 3186 1049 3227 anto
1065 3185 1164 3239 aumr,
1187 3166 1290 3226 arnolto
1306 3166 1436 3240 arnalror,
1452 3158 1551 3228 amato

257 3277 385 3341 amator,
413 3278 530 3329 animno
552 3277 701 3340 arctantur,
727 3268 819 3329 doceo
842 3269 965 3339 doceor,
994 3269 1107 3328 docebo
1129 3268 1272 3342 docebor,
1293 3270 1398 3329 doceto
1417 3269 1550 3340 docetor,

258 3370 383 3431 docento
399 3369 556 3441 docentor,
579 3371 643 3446 lego
660 3369 756 3446 legor,
781 3369 868 3447 legito
890 3369 1008 3446 legitor,
1031 3369 1150 3446 legunto
1169 3369 1313 3447 leguntur,
1330 3370 1416 3429 audio
1436 3370 1549 3442 audior,

174 3536 178 3541 ,
208 3472 356 3534 decedito
387 3473 516 3542 auditor,
552 3471 692 3531 audiunto
725 3471 890 3530 audiuntur.
935 3471 1030 3530 omnis
1059 3472 1187 3531 secumla
1218 3491 1343 3550 persona
1375 3471 1489 3551 passiva
1518 3472 1587 3532 inan

260 3573 405 3651 praesenti
427 3581 456 3632 et
478 3573 506 3632 in
530 3572 686 3651 praeterito
712 3572 883 3650 imperfecto
913 3582 941 3632 et
967 3574 996 3632 in
1018 3573 1114 3633 futuro
1141 3572 1285 3633 indicativi
1314 3582 1344 3633 et
1367 3573 1486 3652 optativi
1512 3573 1549 3633 ab

258 3673 349 3734 activa
372 3693 424 3733 sua
459 3676 490 3733 lit
517 3673 688 3753 interposita
717 3675 757 3749 ri;
792 3674 841 3734 sed
866 3675 894 3733 in
919 3675 1001 3734 tertia
1031 3675 1117 3754 proi
1145 3675 1322 3755 paenultima
1346 3694 1362 3734 e
1383 3681 1548 3753 correptam
1600 3737 1603 3741 ,

258 3774 359 3835 lralret:
383 3776 537 3836 sedetiam
562 3777 601 3836 n's
624 3776 652 3835 in
676 3795 707 3836 re
730 3795 870 3836 conversa
896 3775 971 3836 solet
992 3776 1093 3837 eadem
1114 3777 1242 3837 secunda
1266 3796 1392 3856 persona
1414 3776 1444 3836 in
1470 3779 1549 3839 omni

258 3876 462 3956 coniugatione
484 3877 624 3957 proferri,
645 3886 677 3937 nt
695 3896 773 3938 amas
790 3880 898 3938 amaris
921 3877 965 3937 rel
987 3896 1101 3952 amare,
1124 3879 1213 3939 doces
1232 3879 1347 3938 doceris
1370 3879 1413 3938 rel
1432 3879 1549 3953 docere,

207 3985 240 4036 00
259 3978 332 4057 legis
360 3980 466 4058 legeris
494 3978 537 4040 vel
560 3978 672 4056 legere,
701 3979 784 4040 aridis
806 3981 914 4040 audiris
938 3979 982 4039 rel
1004 3979 1113 4040 audire.
1158 3981 1306 4057 qnoruodo
1329 3990 1426 4041 autem
1448 3981 1587 4043 docui-ns

258 4101 323 4142 ntus
352 4082 381 4142 in
410 4084 518 4154 activo,
550 4083 593 4142 sic
621 4090 647 4140 et
679 4081 707 4140 in
737 4082 853 4161 passivo
881 4078 1046 4161 praesentis
1073 4081 1227 4141 declinatio
1255 4081 1339 4140 docet
1368 4083 1454 4142 etiam
1482 4083 1549 4143 reli-

259 4200 383 4261 quorum
412 4192 576 4263 temporum
606 4184 717 4260 absque
738 4183 895 4262 praeterito
915 4183 1050 4257 perfecto
1070 4190 1099 4241 et
1121 4183 1168 4243 tus
1187 4201 1261 4259 quae
1285 4203 1318 4242 ex
1343 4185 1399 4243 lroc
1421 4204 1550 4245 nascun-

259 4295 305 4346 tur
328 4305 380 4364 per
405 4286 536 4347 diversos
559 4286 662 4347 modos
685 4285 925 4357 declinationem,
951 4302 1026 4360 quae
1049 4288 1081 4345 lit
1103 4285 1265 4345 secundum
1293 4304 1379 4345 uuam
1403 4287 1549 4348 extribus

258 4386 519 4464 coniugationibus.
551 4388 634 4447 tertia
657 4405 782 4467 persona
798 4388 834 4446 ab
850 4387 940 4447 activa
960 4406 1012 4447 sua
1035 4386 1147 4447 adiecta
1171 4405 1206 4446 ur
1223 4386 1298 4446 solet
1319 4388 1396 4459 lieri,
1421 4396 1452 4448 ut
1470 4398 1550 4451 amat
1594 4454 1608 4469 x

204 4505 207 4511 ’
258 4498 386 4561 amatur,
415 4488 501 4549 ducet
528 4490 665 4562 docetur,
695 4490 765 4568 legit
792 4488 913 4566 legitur,
949 4488 1031 4548 audit
1059 4485 1184 4547 auditur.
1230 4488 1281 4548 sed
1309 4489 1486 4568 paenultima
1518 4491 1548 4551 in
1562 4510 1586 4550 ιιι

1449 4602 1456 4630 Ι

328 4675 360 4724 10
380 4685 462 4724 aunem
481 4677 611 4724 initionem
631 4677 662 4725 nd
681 4675 803 4723 nntureC
831 4676 995 4724 initiationem
1016 4676 1048 4724 ad
1067 4689 1177 4723 umorem
1194 4688 1210 4728 ς
1270 4676 1297 4723 tn
1319 4691 1550 4727 meroesrornrrsr

257 4743 346 4793 deletis
367 4759 397 4794 nn
416 4749 508 4796 litteris
528 4746 562 4806 (³,
582 4763 627 4795 our.
647 4759 664 4801 ς
734 4745 767 4792 ’22
783 4743 902 4793 desinunt
920 4758 936 4798 ς
958 4744 1100 4800 ‹lissinitC
1169 4744 1201 4792 23
1220 4745 1260 4793 nel
1280 4746 1304 4794 iu
1322 4746 1430 4793 arctando
1447 4760 1463 4800 ς
1484 4762 1490 4794 :
1508 4749 1549 4796 uel

257 4811 284 4859 iu
297 4815 434 4863 acuendum
450 4831 482 4864 ne
500 4828 661 4866 nonnarum-ra
680 4829 753 4863 aanor
775 4828 869 4864 resumi
887 4813 995 4863 Pession
1015 4815 1036 4864 0
1104 4813 1136 4864 37
1155 4813 1268 4878 perlecto
1287 4831 1333 4864 om.
1353 4815 1383 4875 G,
1399 4816 1496 4870 udde
