<?xml version="1.0" encoding="UTF-8"?>
<!DOCTYPE html PUBLIC "-//W3C//DTD XHTML 1.0 Transitional//EN"
    "http://www.w3.org/TR/xhtml1/DTD/xhtml1-transitional.dtd">
<html xmlns="http://www.w3.org/1999/xhtml" xml:lang="en" lang="en">
 <head>
  <title>
</title>
<meta http-equiv="Content-Type" content="text/html;charset=utf-8" />
  <meta name='ocr-system' content='tesseract 3.04.00' />
  <meta name='ocr-capabilities' content='ocr_page ocr_carea ocr_par ocr_line ocrx_word'/>
</head>
<body>
  <div class='ocr_page' id='page_1' title='image "./grammaticilatin07keilgoog_0495.png"; bbox 0 0 3352 5490; ppageno 0'>
   <div class='ocr_carea' id='block_1_1' title="bbox 271 341 1010 406">
    <p class='ocr_par' dir='ltr' id='par_1_1' title="bbox 271 341 1010 406">
     <span class='ocr_line' id='line_1_1' title="bbox 271 341 1010 406; baseline 0.003 -2"><span class='ocrx_word' id='word_1_1' title='bbox 271 341 334 404; x_wconf 78' lang='lat' dir='ltr'>tur</span> <span class='ocrx_word' id='word_1_2' title='bbox 825 343 1010 406; x_wconf 82' lang='lat' dir='ltr'>rutscmtvl</span> 
     </span>
    </p>
   </div>
   <div class='ocr_carea' id='block_1_2' title="bbox 323 458 1524 607">
    <p class='ocr_par' dir='ltr' id='par_1_2' title="bbox 323 458 1524 607">
     <span class='ocr_line' id='line_1_2' title="bbox 323 458 1524 512; baseline 0.001 -14"><span class='ocrx_word' id='word_1_3' title='bbox 323 471 345 510; x_wconf 72' lang='lat' dir='ltr'>p.</span> <span class='ocrx_word' id='word_1_4' title='bbox 361 458 418 500; x_wconf 81' lang='lat' dir='ltr'>ravo.</span> <span class='ocrx_word' id='word_1_5' title='bbox 433 459 458 498; x_wconf 82' lang='lat' dir='ltr'>ao</span> <span class='ocrx_word' id='word_1_6' title='bbox 472 458 494 500; x_wconf 85' lang='lat' dir='ltr'>r.</span> <span class='ocrx_word' id='word_1_7' title='bbox 1346 472 1368 512; x_wconf 66' lang='lat' dir='ltr'>p.</span> <span class='ocrx_word' id='word_1_8' title='bbox 1382 459 1474 501; x_wconf 75' lang='lat' dir='ltr'>trs-ev</span> <span class='ocrx_word' id='word_1_9' title='bbox 1494 460 1524 501; x_wconf 77' lang='lat' dir='ltr'>a.</span> 
     </span>
     <span class='ocr_line' id='line_1_3' title="bbox 1050 530 1415 607; baseline 0.003 -17"><span class='ocrx_word' id='word_1_10' title='bbox 1050 530 1295 607; x_wconf 77' lang='lat' dir='ltr'>Cerealiaque</span> <span class='ocrx_word' id='word_1_11' title='bbox 1317 549 1415 591; x_wconf 86' lang='lat' dir='ltr'>arma</span> 
     </span>
    </p>
   </div>
   <div class='ocr_carea' id='block_1_3' title="bbox 194 632 1649 4160">
    <p class='ocr_par' dir='ltr' id='par_1_3' title="bbox 194 632 1649 4160">
     <span class='ocr_line' id='line_1_4' title="bbox 424 632 637 710; baseline -0.009 -18"><span class='ocrx_word' id='word_1_12' title='bbox 424 632 637 710; x_wconf 78' lang='lat' dir='ltr'>expediunt</span> 
     </span>
     <span class='ocr_line' id='line_1_5' title="bbox 223 731 1579 811; baseline 0.002 -19"><span class='ocrx_word' id='word_1_13' title='bbox 223 742 252 793; x_wconf 94' lang='lat'>11</span> <span class='ocrx_word' id='word_1_14' title='bbox 273 752 339 794; x_wconf 91' lang='lat' dir='ltr'>cum</span> <span class='ocrx_word' id='word_1_15' title='bbox 366 733 454 809; x_wconf 84' lang='lat' dir='ltr'>igitur</span> <span class='ocrx_word' id='word_1_16' title='bbox 480 734 518 793; x_wconf 90' lang='lat' dir='ltr'>sit</span> <span class='ocrx_word' id='word_1_17' title='bbox 540 733 752 810; x_wconf 75' lang='lat' dir='ltr'>homonymon,</span> <span class='ocrx_word' id='word_1_18' title='bbox 782 732 860 810; x_wconf 89' lang='lat' dir='ltr'>quod</span> <span class='ocrx_word' id='word_1_19' title='bbox 887 732 1003 811; x_wconf 87' lang='lat' dir='ltr'>quidam</span> <span class='ocrx_word' id='word_1_20' title='bbox 1031 731 1184 793; x_wconf 79' lang='lat' dir='ltr'>univocum</span> <span class='ocrx_word' id='word_1_21' title='bbox 1206 733 1323 805; x_wconf 89' lang='lat' dir='ltr'>dicunt,</span> <span class='ocrx_word' id='word_1_22' title='bbox 1348 741 1378 793; x_wconf 91' lang='lat' dir='ltr'>et</span> <span class='ocrx_word' id='word_1_23' title='bbox 1401 734 1500 794; x_wconf 89' lang='lat' dir='ltr'>varias</span> <span class='ocrx_word' id='word_1_24' title='bbox 1524 753 1579 795; x_wconf 86' lang='lat' dir='ltr'>res</span> 
     </span>
     <span class='ocr_line' id='line_1_6' title="bbox 271 832 1576 913; baseline 0.001 -18"><span class='ocrx_word' id='word_1_25' title='bbox 271 833 429 913; x_wconf 86' lang='lat' dir='ltr'>signillcet,</span> <span class='ocrx_word' id='word_1_26' title='bbox 453 835 586 910; x_wconf 76' lang='lat' dir='ltr'>singulae</span> <span class='ocrx_word' id='word_1_27' title='bbox 604 851 703 894; x_wconf 91' lang='lat' dir='ltr'>earum</span> <span class='ocrx_word' id='word_1_28' title='bbox 726 832 833 893; x_wconf 89' lang='lat' dir='ltr'>babent</span> <span class='ocrx_word' id='word_1_29' title='bbox 847 853 899 893; x_wconf 88' lang='lat' dir='ltr'>sua</span> <span class='ocrx_word' id='word_1_30' title='bbox 924 834 1057 906; x_wconf 89' lang='lat' dir='ltr'>nomina,</span> <span class='ocrx_word' id='word_1_31' title='bbox 1081 842 1113 893; x_wconf 89' lang='lat' dir='ltr'>ut</span> <span class='ocrx_word' id='word_1_32' title='bbox 1130 847 1245 895; x_wconf 90' lang='lat' dir='ltr'>scutum</span> <span class='ocrx_word' id='word_1_33' title='bbox 1267 835 1348 911; x_wconf 76' lang='lat' dir='ltr'>galea</span> <span class='ocrx_word' id='word_1_34' title='bbox 1372 834 1463 895; x_wconf 89' lang='lat' dir='ltr'>lorica</span> <span class='ocrx_word' id='word_1_35' title='bbox 1484 835 1576 896; x_wconf 87' lang='lat' dir='ltr'>hasta</span> 
     </span>
     <span class='ocr_line' id='line_1_7' title="bbox 270 933 1602 1015; baseline 0.002 -19"><span class='ocrx_word' id='word_1_36' title='bbox 270 935 384 1015; x_wconf 81' lang='lat' dir='ltr'>gladius</span> <span class='ocrx_word' id='word_1_37' title='bbox 407 944 436 996; x_wconf 90' lang='lat' dir='ltr'>et</span> <span class='ocrx_word' id='word_1_38' title='bbox 458 945 564 996; x_wconf 82' lang='lat' dir='ltr'>cetera.</span> <span class='ocrx_word' id='word_1_39' title='bbox 610 953 667 995; x_wconf 92' lang='lat' dir='ltr'>non</span> <span class='ocrx_word' id='word_1_40' title='bbox 691 933 779 1009; x_wconf 86' lang='lat' dir='ltr'>igitur</span> <span class='ocrx_word' id='word_1_41' title='bbox 801 954 876 1013; x_wconf 87' lang='lat' dir='ltr'>opus</span> <span class='ocrx_word' id='word_1_42' title='bbox 899 944 944 996; x_wconf 92' lang='lat' dir='ltr'>est</span> <span class='ocrx_word' id='word_1_43' title='bbox 966 935 995 994; x_wconf 92' lang='lat' dir='ltr'>in</span> <span class='ocrx_word' id='word_1_44' title='bbox 1018 935 1075 995; x_wconf 90' lang='lat' dir='ltr'>boc</span> <span class='ocrx_word' id='word_1_45' title='bbox 1093 936 1211 996; x_wconf 90' lang='lat' dir='ltr'>nomine</span> <span class='ocrx_word' id='word_1_46' title='bbox 1234 936 1390 1013; x_wconf 80' lang='lat' dir='ltr'>singularis</span> <span class='ocrx_word' id='word_1_47' title='bbox 1413 953 1602 1011; x_wconf 71' lang='lat' dir='ltr'>numerus,⁵</span> 
     </span>
     <span class='ocr_line' id='line_1_8' title="bbox 270 1035 1576 1117; baseline 0.001 -19"><span class='ocrx_word' id='word_1_48' title='bbox 270 1057 336 1098; x_wconf 92' lang='lat' dir='ltr'>cum</span> <span class='ocrx_word' id='word_1_49' title='bbox 360 1056 478 1117; x_wconf 86' lang='lat' dir='ltr'>semper</span> <span class='ocrx_word' id='word_1_50' title='bbox 500 1038 528 1097; x_wconf 93' lang='lat' dir='ltr'>in</span> <span class='ocrx_word' id='word_1_51' title='bbox 551 1035 656 1115; x_wconf 82' lang='lat' dir='ltr'>plurali</span> <span class='ocrx_word' id='word_1_52' title='bbox 680 1035 892 1112; x_wconf 80' lang='lat' dir='ltr'>significatione</span> <span class='ocrx_word' id='word_1_53' title='bbox 911 1045 1046 1116; x_wconf 87' lang='lat' dir='ltr'>ponatur.</span> <span class='ocrx_word' id='word_1_54' title='bbox 1092 1045 1307 1116; x_wconf 84' lang='lat' dir='ltr'>potestantem</span> <span class='ocrx_word' id='word_1_55' title='bbox 1333 1046 1362 1097; x_wconf 88' lang='lat' dir='ltr'>et</span> <span class='ocrx_word' id='word_1_56' title='bbox 1383 1037 1576 1099; x_wconf 76' lang='lat' dir='ltr'>differentiae</span> 
     </span>
     <span class='ocr_line' id='line_1_9' title="bbox 270 1135 1574 1225; baseline 0.001 -26"><span class='ocrx_word' id='word_1_57' title='bbox 270 1157 357 1200; x_wconf 89' lang='lat' dir='ltr'>eausa</span> <span class='ocrx_word' id='word_1_58' title='bbox 379 1139 466 1199; x_wconf 79' lang='lat' dir='ltr'>liuius</span> <span class='ocrx_word' id='word_1_59' title='bbox 487 1136 634 1214; x_wconf 80' lang='lat' dir='ltr'>singulare</span> <span class='ocrx_word' id='word_1_60' title='bbox 650 1135 755 1210; x_wconf 86' lang='lat' dir='ltr'>taceri,</span> <span class='ocrx_word' id='word_1_61' title='bbox 776 1155 814 1196; x_wconf 90' lang='lat' dir='ltr'>ne</span> <span class='ocrx_word' id='word_1_62' title='bbox 830 1137 866 1196; x_wconf 91' lang='lat' dir='ltr'>ab</span> <span class='ocrx_word' id='word_1_63' title='bbox 887 1156 983 1212; x_wconf 89' lang='lat' dir='ltr'>armo,</span> <span class='ocrx_word' id='word_1_64' title='bbox 1005 1147 1069 1198; x_wconf 87' lang='lat' dir='ltr'>artu</span> <span class='ocrx_word' id='word_1_65' title='bbox 1091 1140 1239 1225; x_wconf 80' lang='lat' dir='ltr'>cprporis,</span> <span class='ocrx_word' id='word_1_66' title='bbox 1262 1138 1371 1216; x_wconf 82' lang='lat' dir='ltr'>obliqui</span> <span class='ocrx_word' id='word_1_67' title='bbox 1392 1139 1457 1200; x_wconf 87' lang='lat' dir='ltr'>eius</span> <span class='ocrx_word' id='word_1_68' title='bbox 1478 1159 1574 1202; x_wconf 86' lang='lat' dir='ltr'>casus</span> 
     </span>
     <span class='ocr_line' id='line_1_10' title="bbox 269 1235 1576 1330; baseline 0 -28"><span class='ocrx_word' id='word_1_69' title='bbox 269 1241 392 1322; x_wconf 79' lang='lat' dir='ltr'>proferri</span> <span class='ocrx_word' id='word_1_70' title='bbox 422 1235 643 1311; x_wconf 83' lang='lat' dir='ltr'>existimentur,</span> <span class='ocrx_word' id='word_1_71' title='bbox 669 1237 719 1298; x_wconf 89' lang='lat' dir='ltr'>bie</span> <span class='ocrx_word' id='word_1_72' title='bbox 744 1256 860 1312; x_wconf 88' lang='lat' dir='ltr'>armus,</span> <span class='ocrx_word' id='word_1_73' title='bbox 890 1239 977 1330; x_wconf 80' lang='lat' dir='ltr'>buius</span> <span class='ocrx_word' id='word_1_74' title='bbox 1000 1238 1082 1299; x_wconf 86' lang='lat' dir='ltr'>anni.</span> <span class='ocrx_word' id='word_1_75' title='bbox 1128 1240 1218 1301; x_wconf 87' lang='lat' dir='ltr'>Cuius</span> <span class='ocrx_word' id='word_1_76' title='bbox 1245 1249 1290 1300; x_wconf 92' lang='lat' dir='ltr'>est</span> <span class='ocrx_word' id='word_1_77' title='bbox 1319 1238 1449 1318; x_wconf 78' lang='lat' dir='ltr'>figurae?</span> <span class='ocrx_word' id='word_1_78' title='bbox 1491 1241 1576 1302; x_wconf 84' lang='lat' dir='ltr'>stm-</span> 
     </span>
     <span class='ocr_line' id='line_1_11' title="bbox 271 1339 1573 1423; baseline 0 -20"><span class='ocrx_word' id='word_1_79' title='bbox 271 1343 364 1423; x_wconf 89' lang='lat' dir='ltr'>plicis.</span> <span class='ocrx_word' id='word_1_80' title='bbox 409 1342 468 1402; x_wconf 87' lang='lat' dir='ltr'>Fac</span> <span class='ocrx_word' id='word_1_81' title='bbox 488 1340 524 1401; x_wconf 93' lang='lat' dir='ltr'>ab</span> <span class='ocrx_word' id='word_1_82' title='bbox 554 1359 588 1400; x_wconf 88' lang='lat' dir='ltr'>eo</span> <span class='ocrx_word' id='word_1_83' title='bbox 613 1339 818 1418; x_wconf 84' lang='lat' dir='ltr'>compositum.</span> <span class='ocrx_word' id='word_1_84' title='bbox 863 1341 1010 1418; x_wconf 79' lang='lat' dir='ltr'>Armiger,</span> <span class='ocrx_word' id='word_1_85' title='bbox 1032 1340 1227 1420; x_wconf 86' lang='lat' dir='ltr'>armipotens,</span> <span class='ocrx_word' id='word_1_86' title='bbox 1256 1342 1424 1414; x_wconf 78' lang='lat' dir='ltr'>semermis,</span> <span class='ocrx_word' id='word_1_87' title='bbox 1445 1341 1573 1403; x_wconf 88' lang='lat' dir='ltr'>inermis</span> 
     </span>
     <span class='ocr_line' id='line_1_12' title="bbox 222 1440 1607 1505; baseline 0 -3"><span class='ocrx_word' id='word_1_88' title='bbox 222 1451 253 1503; x_wconf 77' lang='lat'>12</span> <span class='ocrx_word' id='word_1_89' title='bbox 271 1453 300 1504; x_wconf 88' lang='lat' dir='ltr'>et</span> <span class='ocrx_word' id='word_1_90' title='bbox 322 1446 461 1505; x_wconf 88' lang='lat' dir='ltr'>inermus.</span> <span class='ocrx_word' id='word_1_91' title='bbox 507 1443 597 1502; x_wconf 88' lang='lat' dir='ltr'>Cuius</span> <span class='ocrx_word' id='word_1_92' title='bbox 625 1449 670 1501; x_wconf 88' lang='lat' dir='ltr'>est</span> <span class='ocrx_word' id='word_1_93' title='bbox 691 1458 779 1501; x_wconf 86' lang='lat' dir='ltr'>casus</span> <span class='ocrx_word' id='word_1_94' title='bbox 801 1440 830 1500; x_wconf 93' lang='lat' dir='ltr'>in</span> <span class='ocrx_word' id='word_1_95' title='bbox 853 1442 909 1502; x_wconf 88' lang='lat' dir='ltr'>boc</span> <span class='ocrx_word' id='word_1_96' title='bbox 931 1440 1017 1503; x_wconf 83' lang='lat' dir='ltr'>loco‘l</span> <span class='ocrx_word' id='word_1_97' title='bbox 1046 1442 1218 1503; x_wconf 81' lang='lat' dir='ltr'>Accusativi.</span> <span class='ocrx_word' id='word_1_98' title='bbox 1264 1444 1344 1503; x_wconf 82' lang='lat' dir='ltr'>l&#39;nde</span> <span class='ocrx_word' id='word_1_99' title='bbox 1370 1443 1426 1504; x_wconf 91' lang='lat' dir='ltr'>boc</span> <span class='ocrx_word' id='word_1_100' title='bbox 1449 1452 1607 1505; x_wconf 75' lang='lat' dir='ltr'>senumve</span> 
     </span>
     <span class='ocr_line' id='line_1_13' title="bbox 270 1542 1570 1622; baseline 0.001 -16"><span class='ocrx_word' id='word_1_101' title='bbox 270 1545 335 1607; x_wconf 77' lang='lat' dir='ltr'>est?</span> <span class='ocrx_word' id='word_1_102' title='bbox 375 1548 397 1606; x_wconf 77' lang='grc' dir='ltr'>Α</span> <span class='ocrx_word' id='word_1_103' title='bbox 423 1553 585 1617; x_wconf 86' lang='lat' dir='ltr'>structura,</span> <span class='ocrx_word' id='word_1_104' title='bbox 619 1543 648 1602; x_wconf 90' lang='lat' dir='ltr'>id</span> <span class='ocrx_word' id='word_1_105' title='bbox 677 1550 722 1602; x_wconf 84' lang='lat' dir='ltr'>est</span> <span class='ocrx_word' id='word_1_106' title='bbox 749 1542 933 1602; x_wconf 85' lang='lat' dir='ltr'>ordinatione</span> <span class='ocrx_word' id='word_1_107' title='bbox 961 1550 990 1602; x_wconf 88' lang='lat' dir='ltr'>et</span> <span class='ocrx_word' id='word_1_108' title='bbox 1016 1543 1222 1605; x_wconf 88' lang='lat' dir='ltr'>coniunctione</span> <span class='ocrx_word' id='word_1_109' title='bbox 1251 1545 1444 1622; x_wconf 87' lang='lat' dir='ltr'>sequentinm.</span> <span class='ocrx_word' id='word_1_110' title='bbox 1490 1563 1570 1607; x_wconf 83' lang='lat' dir='ltr'>cano</span> 
     </span>
     <span class='ocr_line' id='line_1_14' title="bbox 270 1643 1571 1722; baseline -0.001 -14"><span class='ocrx_word' id='word_1_111' title='bbox 270 1649 346 1707; x_wconf 90' lang='lat' dir='ltr'>enim</span> <span class='ocrx_word' id='word_1_112' title='bbox 370 1646 489 1705; x_wconf 90' lang='lat' dir='ltr'>verbum</span> <span class='ocrx_word' id='word_1_113' title='bbox 514 1644 679 1705; x_wconf 87' lang='lat' dir='ltr'>accusativo</span> <span class='ocrx_word' id='word_1_114' title='bbox 705 1643 848 1721; x_wconf 82' lang='lat' dir='ltr'>iungitur:</span> <span class='ocrx_word' id='word_1_115' title='bbox 878 1662 947 1722; x_wconf 84' lang='lat' dir='ltr'>ergo</span> <span class='ocrx_word' id='word_1_116' title='bbox 976 1643 1119 1720; x_wconf 90' lang='lat' dir='ltr'>siquando</span> <span class='ocrx_word' id='word_1_117' title='bbox 1142 1645 1271 1706; x_wconf 88' lang='lat' dir='ltr'>invenias</span> <span class='ocrx_word' id='word_1_118' title='bbox 1300 1645 1385 1706; x_wconf 88' lang='lat' dir='ltr'>talem</span> <span class='ocrx_word' id='word_1_119' title='bbox 1405 1645 1571 1708; x_wconf 90' lang='lat' dir='ltr'>ordinatio-</span> 
     </span>
     <span class='ocr_line' id='line_1_15' title="bbox 270 1745 1568 1828; baseline -0.001 -19"><span class='ocrx_word' id='word_1_120' title='bbox 270 1769 353 1821; x_wconf 87' lang='lat' dir='ltr'>nem,</span> <span class='ocrx_word' id='word_1_121' title='bbox 376 1767 452 1828; x_wconf 91' lang='lat' dir='ltr'>pone</span> <span class='ocrx_word' id='word_1_122' title='bbox 477 1747 542 1808; x_wconf 86' lang='lat' dir='ltr'>loco</span> <span class='ocrx_word' id='word_1_123' title='bbox 566 1745 661 1805; x_wconf 86' lang='lat' dir='ltr'>neutri</span> <span class='ocrx_word' id='word_1_124' title='bbox 686 1745 879 1804; x_wconf 90' lang='lat' dir='ltr'>masculinum</span> <span class='ocrx_word' id='word_1_125' title='bbox 905 1745 948 1804; x_wconf 90' lang='lat' dir='ltr'>vel</span> <span class='ocrx_word' id='word_1_126' title='bbox 972 1745 1158 1819; x_wconf 80' lang='lat' dir='ltr'>femininum,</span> <span class='ocrx_word' id='word_1_127' title='bbox 1181 1767 1304 1824; x_wconf 90' lang='lat' dir='ltr'>quorum</span> <span class='ocrx_word' id='word_1_128' title='bbox 1327 1748 1482 1808; x_wconf 77' lang='lat' dir='ltr'>accusativi</span> <span class='ocrx_word' id='word_1_129' title='bbox 1506 1767 1568 1808; x_wconf 91' lang='lat' dir='ltr'>non</span> 
     </span>
     <span class='ocr_line' id='line_1_16' title="bbox 271 1830 1569 1920; baseline -0.002 -9"><span class='ocrx_word' id='word_1_130' title='bbox 271 1860 340 1912; x_wconf 91' lang='lat' dir='ltr'>sunt</span> <span class='ocrx_word' id='word_1_131' title='bbox 360 1850 470 1911; x_wconf 87' lang='lat' dir='ltr'>similes</span> <span class='ocrx_word' id='word_1_132' title='bbox 490 1844 689 1918; x_wconf 76' lang='lat' dir='ltr'>nominativis,</span> <span class='ocrx_word' id='word_1_133' title='bbox 714 1854 743 1905; x_wconf 89' lang='lat' dir='ltr'>et</span> <span class='ocrx_word' id='word_1_134' title='bbox 765 1847 968 1908; x_wconf 81' lang='lat' dir='ltr'>manifestatur</span> <span class='ocrx_word' id='word_1_135' title='bbox 986 1847 1037 1906; x_wconf 91' lang='lat' dir='ltr'>tibi</span> <span class='ocrx_word' id='word_1_136' title='bbox 1059 1830 1162 1920; x_wconf 85' lang='lat' dir='ltr'>casus,</span> <span class='ocrx_word' id='word_1_137' title='bbox 1186 1849 1268 1908; x_wconf 88' lang='lat' dir='ltr'>utin</span> <span class='ocrx_word' id='word_1_138' title='bbox 1292 1848 1348 1908; x_wconf 90' lang='lat' dir='ltr'>boe</span> <span class='ocrx_word' id='word_1_139' title='bbox 1370 1868 1455 1910; x_wconf 87' lang='lat' dir='ltr'>versu</span> <span class='ocrx_word' id='word_1_140' title='bbox 1478 1849 1569 1911; x_wconf 81' lang='lat' dir='ltr'>‘cano</span> 
     </span>
     <span class='ocr_line' id='line_1_17' title="bbox 271 1946 1606 2029; baseline 0.001 -17"><span class='ocrx_word' id='word_1_141' title='bbox 271 1953 375 2014; x_wconf 88' lang='lat' dir='ltr'>virum’</span> <span class='ocrx_word' id='word_1_142' title='bbox 400 1952 480 2011; x_wconf 78' lang='lat' dir='ltr'>dixit.</span> <span class='ocrx_word' id='word_1_143' title='bbox 525 1946 658 2009; x_wconf 88' lang='lat' dir='ltr'>similiter</span> <span class='ocrx_word' id='word_1_144' title='bbox 680 1947 766 2008; x_wconf 76' lang='lat' dir='ltr'>‘cano</span> <span class='ocrx_word' id='word_1_145' title='bbox 787 1947 865 2007; x_wconf 89' lang='lat' dir='ltr'>illam</span> <span class='ocrx_word' id='word_1_146' title='bbox 884 1951 958 2007; x_wconf 87' lang='lat' dir='ltr'>rem’</span> <span class='ocrx_word' id='word_1_147' title='bbox 982 1948 1123 2021; x_wconf 85' lang='lat' dir='ltr'>dicimus,</span> <span class='ocrx_word' id='word_1_148' title='bbox 1145 1968 1179 2008; x_wconf 86' lang='lat' dir='ltr'>ex</span> <span class='ocrx_word' id='word_1_149' title='bbox 1199 1949 1306 2026; x_wconf 91' lang='lat' dir='ltr'>quibus</span> <span class='ocrx_word' id='word_1_150' title='bbox 1323 1958 1425 2010; x_wconf 86' lang='lat' dir='ltr'>neutra</span> <span class='ocrx_word' id='word_1_151' title='bbox 1447 1968 1606 2029; x_wconf 74' lang='lat' dir='ltr'>quoquere</span> 
     </span>
     <span class='ocr_line' id='line_1_18' title="bbox 270 2049 1569 2131; baseline -0.004 -14"><span class='ocrx_word' id='word_1_152' title='bbox 270 2053 335 2117; x_wconf 93' lang='lat' dir='ltr'>sine</span> <span class='ocrx_word' id='word_1_153' title='bbox 357 2053 445 2113; x_wconf 91' lang='lat' dir='ltr'>dubio</span> <span class='ocrx_word' id='word_1_154' title='bbox 466 2063 550 2131; x_wconf 89' lang='lat' dir='ltr'>potes</span> <span class='ocrx_word' id='word_1_155' title='bbox 566 2049 733 2127; x_wconf 78' lang='lat' dir='ltr'>intellegere</span> <span class='ocrx_word' id='word_1_156' title='bbox 754 2051 916 2110; x_wconf 87' lang='lat' dir='ltr'>seeundum</span> <span class='ocrx_word' id='word_1_157' title='bbox 932 2067 1017 2126; x_wconf 90' lang='lat' dir='ltr'>qoem</span> <span class='ocrx_word' id='word_1_158' title='bbox 1040 2069 1140 2111; x_wconf 90' lang='lat' dir='ltr'>casum</span> <span class='ocrx_word' id='word_1_159' title='bbox 1162 2054 1351 2129; x_wconf 88' lang='lat' dir='ltr'>prol&#39;erontur</span> <span class='ocrx_word' id='word_1_160' title='bbox 1372 2060 1430 2111; x_wconf 87' lang='lat' dir='ltr'>tam</span> <span class='ocrx_word' id='word_1_161' title='bbox 1451 2052 1480 2111; x_wconf 95' lang='lat' dir='ltr'>in</span> <span class='ocrx_word' id='word_1_162' title='bbox 1504 2053 1569 2112; x_wconf 90' lang='lat' dir='ltr'>sio·</span> 
     </span>
     <span class='ocr_line' id='line_1_19' title="bbox 222 2151 1567 2241; baseline -0.003 -23"><span class='ocrx_word' id='word_1_163' title='bbox 222 2166 253 2217; x_wconf 88' lang='lat' dir='ltr'>ta</span> <span class='ocrx_word' id='word_1_164' title='bbox 269 2156 361 2237; x_wconf 84' lang='lat' dir='ltr'>gulovi</span> <span class='ocrx_word' id='word_1_165' title='bbox 385 2173 471 2232; x_wconf 89' lang='lat' dir='ltr'>qoam</span> <span class='ocrx_word' id='word_1_166' title='bbox 499 2151 503 2234; x_wconf 75' lang='lat' dir='ltr'>l</span> <span class='ocrx_word' id='word_1_167' title='bbox 528 2152 557 2212; x_wconf 93' lang='lat' dir='ltr'>in</span> <span class='ocrx_word' id='word_1_168' title='bbox 586 2151 689 2232; x_wconf 86' lang='lat' dir='ltr'>plurali</span> <span class='ocrx_word' id='word_1_169' title='bbox 715 2170 848 2211; x_wconf 90' lang='lat' dir='ltr'>numero.</span> <span class='ocrx_word' id='word_1_170' title='bbox 894 2171 948 2211; x_wconf 88' lang='lat' dir='ltr'>nee</span> <span class='ocrx_word' id='word_1_171' title='bbox 970 2151 1065 2212; x_wconf 92' lang='lat' dir='ltr'>solmn</span> <span class='ocrx_word' id='word_1_172' title='bbox 1088 2159 1184 2211; x_wconf 90' lang='lat' dir='ltr'>tameo</span> <span class='ocrx_word' id='word_1_173' title='bbox 1207 2153 1235 2212; x_wconf 89' lang='lat' dir='ltr'>in</span> <span class='ocrx_word' id='word_1_174' title='bbox 1260 2163 1364 2241; x_wconf 86' lang='lat' dir='ltr'>neutro</span> <span class='ocrx_word' id='word_1_175' title='bbox 1386 2170 1509 2229; x_wconf 79' lang='lat' dir='ltr'>genere,</span> <span class='ocrx_word' id='word_1_176' title='bbox 1537 2155 1567 2214; x_wconf 92' lang='lat' dir='ltr'>in</span> 
     </span>
     <span class='ocr_line' id='line_1_20' title="bbox 269 2252 1567 2336; baseline -0.001 -19"><span class='ocrx_word' id='word_1_177' title='bbox 269 2276 327 2336; x_wconf 92' lang='lat' dir='ltr'>quo</span> <span class='ocrx_word' id='word_1_178' title='bbox 351 2256 545 2318; x_wconf 89' lang='lat' dir='ltr'>nominativus</span> <span class='ocrx_word' id='word_1_179' title='bbox 563 2263 591 2313; x_wconf 90' lang='lat' dir='ltr'>et</span> <span class='ocrx_word' id='word_1_180' title='bbox 609 2253 792 2313; x_wconf 89' lang='lat' dir='ltr'>accusativus</span> <span class='ocrx_word' id='word_1_181' title='bbox 816 2262 845 2312; x_wconf 89' lang='lat' dir='ltr'>et</span> <span class='ocrx_word' id='word_1_182' title='bbox 866 2253 1013 2313; x_wconf 86' lang='lat' dir='ltr'>vocativus</span> <span class='ocrx_word' id='word_1_183' title='bbox 1036 2252 1146 2314; x_wconf 91' lang='lat' dir='ltr'>similes</span> <span class='ocrx_word' id='word_1_184' title='bbox 1164 2263 1248 2327; x_wconf 89' lang='lat' dir='ltr'>sunt,</span> <span class='ocrx_word' id='word_1_185' title='bbox 1269 2254 1319 2313; x_wconf 89' lang='lat' dir='ltr'>sed</span> <span class='ocrx_word' id='word_1_186' title='bbox 1340 2254 1425 2313; x_wconf 86' lang='lat' dir='ltr'>eliam</span> <span class='ocrx_word' id='word_1_187' title='bbox 1446 2254 1478 2314; x_wconf 91' lang='lat' dir='ltr'>in</span> <span class='ocrx_word' id='word_1_188' title='bbox 1499 2255 1567 2316; x_wconf 89' lang='lat' dir='ltr'>aliis</span> 
     </span>
     <span class='ocr_line' id='line_1_21' title="bbox 269 2354 1566 2438; baseline -0.002 -19"><span class='ocrx_word' id='word_1_189' title='bbox 269 2358 443 2437; x_wconf 82' lang='lat' dir='ltr'>generibus,</span> <span class='ocrx_word' id='word_1_190' title='bbox 467 2357 568 2434; x_wconf 90' lang='lat' dir='ltr'>siquos</span> <span class='ocrx_word' id='word_1_191' title='bbox 586 2354 716 2415; x_wconf 77' lang='lat' dir='ltr'>invenias</span> <span class='ocrx_word' id='word_1_192' title='bbox 739 2354 849 2414; x_wconf 89' lang='lat' dir='ltr'>similes</span> <span class='ocrx_word' id='word_1_193' title='bbox 871 2374 959 2414; x_wconf 85' lang='lat' dir='ltr'>rosus</span> <span class='ocrx_word' id='word_1_194' title='bbox 982 2364 1008 2414; x_wconf 92' lang='lat' dir='ltr'>et</span> <span class='ocrx_word' id='word_1_195' title='bbox 1034 2354 1165 2429; x_wconf 90' lang='lat' dir='ltr'>dubites,</span> <span class='ocrx_word' id='word_1_196' title='bbox 1189 2355 1354 2438; x_wconf 79' lang='lat' dir='ltr'>secundum</span> <span class='ocrx_word' id='word_1_197' title='bbox 1369 2375 1456 2433; x_wconf 90' lang='lat' dir='ltr'>quem</span> <span class='ocrx_word' id='word_1_198' title='bbox 1476 2358 1566 2435; x_wconf 89' lang='lat' dir='ltr'>positi</span> 
     </span>
     <span class='ocr_line' id='line_1_22' title="bbox 270 2453 1605 2534; baseline -0.001 -13"><span class='ocrx_word' id='word_1_199' title='bbox 270 2468 353 2532; x_wconf 90' lang='lat' dir='ltr'>sunt,</span> <span class='ocrx_word' id='word_1_200' title='bbox 374 2458 496 2518; x_wconf 87' lang='lat' dir='ltr'>eandem</span> <span class='ocrx_word' id='word_1_201' title='bbox 520 2465 695 2518; x_wconf 74' lang='lat' dir='ltr'>structuram</span> <span class='ocrx_word' id='word_1_202' title='bbox 712 2474 856 2534; x_wconf 88' lang='lat' dir='ltr'>compone</span> <span class='ocrx_word' id='word_1_203' title='bbox 876 2453 1014 2516; x_wconf 83' lang='lat' dir='ltr'>cumillis</span> <span class='ocrx_word' id='word_1_204' title='bbox 1033 2457 1082 2534; x_wconf 95' lang='lat' dir='ltr'>qui</span> <span class='ocrx_word' id='word_1_205' title='bbox 1105 2475 1165 2516; x_wconf 93' lang='lat' dir='ltr'>non</span> <span class='ocrx_word' id='word_1_206' title='bbox 1188 2466 1256 2517; x_wconf 91' lang='lat' dir='ltr'>sunt</span> <span class='ocrx_word' id='word_1_207' title='bbox 1275 2457 1400 2530; x_wconf 89' lang='lat' dir='ltr'>similes,</span> <span class='ocrx_word' id='word_1_208' title='bbox 1423 2467 1451 2518; x_wconf 90' lang='lat' dir='ltr'>et</span> <span class='ocrx_word' id='word_1_209' title='bbox 1468 2458 1605 2520; x_wconf 82' lang='lat' dir='ltr'>solveseo</span> 
     </span>
     <span class='ocr_line' id='line_1_23' title="bbox 269 2557 1566 2637; baseline -0.001 -14"><span class='ocrx_word' id='word_1_210' title='bbox 269 2560 319 2623; x_wconf 87' lang='lat' dir='ltr'>tibi</span> <span class='ocrx_word' id='word_1_211' title='bbox 344 2558 569 2631; x_wconf 85' lang='lat' dir='ltr'>dubitationem,</span> <span class='ocrx_word' id='word_1_212' title='bbox 595 2566 717 2637; x_wconf 90' lang='lat' dir='ltr'>utputa</span> <span class='ocrx_word' id='word_1_213' title='bbox 745 2557 769 2616; x_wconf 94' lang='lat' dir='ltr'>si</span> <span class='ocrx_word' id='word_1_214' title='bbox 798 2557 878 2616; x_wconf 85' lang='lat' dir='ltr'>vlicas</span> <span class='ocrx_word' id='word_1_215' title='bbox 902 2557 1084 2618; x_wconf 76' lang='lat' dir='ltr'>‘oratoribus</span> <span class='ocrx_word' id='word_1_216' title='bbox 1108 2567 1175 2619; x_wconf 90' lang='lat' dir='ltr'>utor</span> <span class='ocrx_word' id='word_1_217' title='bbox 1197 2557 1361 2634; x_wconf 69' lang='lat' dir='ltr'>tnagistvis&#39;</span> <span class='ocrx_word' id='word_1_218' title='bbox 1389 2567 1417 2618; x_wconf 88' lang='lat' dir='ltr'>et</span> <span class='ocrx_word' id='word_1_219' title='bbox 1437 2560 1566 2635; x_wconf 77' lang='lat' dir='ltr'>dubiteS,</span> 
     </span>
     <span class='ocr_line' id='line_1_24' title="bbox 269 2659 1567 2741; baseline -0.002 -16"><span class='ocrx_word' id='word_1_220' title='bbox 269 2672 367 2725; x_wconf 90' lang='lat' dir='ltr'>utrum</span> <span class='ocrx_word' id='word_1_221' title='bbox 384 2661 498 2721; x_wconf 73' lang='lat' dir='ltr'>«latirus</span> <span class='ocrx_word' id='word_1_222' title='bbox 520 2680 556 2721; x_wconf 92' lang='lat' dir='ltr'>an</span> <span class='ocrx_word' id='word_1_223' title='bbox 579 2659 722 2720; x_wconf 90' lang='lat' dir='ltr'>ablativus</span> <span class='ocrx_word' id='word_1_224' title='bbox 742 2659 780 2719; x_wconf 90' lang='lat' dir='ltr'>sit</span> <span class='ocrx_word' id='word_1_225' title='bbox 795 2678 891 2731; x_wconf 90' lang='lat' dir='ltr'>casus,</span> <span class='ocrx_word' id='word_1_226' title='bbox 912 2678 970 2719; x_wconf 91' lang='lat' dir='ltr'>uon</span> <span class='ocrx_word' id='word_1_227' title='bbox 992 2659 1102 2732; x_wconf 89' lang='lat' dir='ltr'>solum,</span> <span class='ocrx_word' id='word_1_228' title='bbox 1126 2660 1203 2737; x_wconf 89' lang='lat' dir='ltr'>qued</span> <span class='ocrx_word' id='word_1_229' title='bbox 1224 2670 1290 2720; x_wconf 90' lang='lat' dir='ltr'>ntor</span> <span class='ocrx_word' id='word_1_230' title='bbox 1305 2661 1424 2721; x_wconf 88' lang='lat' dir='ltr'>verbnm</span> <span class='ocrx_word' id='word_1_231' title='bbox 1447 2681 1567 2741; x_wconf 87' lang='lat' dir='ltr'>semper</span> 
     </span>
     <span class='ocr_line' id='line_1_25' title="bbox 269 2759 1567 2840; baseline -0.002 -14"><span class='ocrx_word' id='word_1_232' title='bbox 269 2764 394 2826; x_wconf 89' lang='lat' dir='ltr'>ablativo</span> <span class='ocrx_word' id='word_1_233' title='bbox 421 2759 624 2840; x_wconf 86' lang='lat' dir='ltr'>coniungitur,</span> <span class='ocrx_word' id='word_1_234' title='bbox 650 2760 706 2820; x_wconf 82' lang='lat' dir='ltr'>hoo</span> <span class='ocrx_word' id='word_1_235' title='bbox 729 2760 825 2838; x_wconf 85' lang='lat' dir='ltr'>possis</span> <span class='ocrx_word' id='word_1_236' title='bbox 848 2779 1025 2838; x_wconf 82' lang='lat' dir='ltr'>agnoscere,</span> <span class='ocrx_word' id='word_1_237' title='bbox 1048 2761 1099 2820; x_wconf 89' lang='lat' dir='ltr'>sed</span> <span class='ocrx_word' id='word_1_238' title='bbox 1123 2761 1209 2821; x_wconf 89' lang='lat' dir='ltr'>etiam</span> <span class='ocrx_word' id='word_1_239' title='bbox 1233 2761 1256 2821; x_wconf 94' lang='lat' dir='ltr'>si</span> <span class='ocrx_word' id='word_1_240' title='bbox 1280 2762 1441 2823; x_wconf 84' lang='lat' dir='ltr'>seeundum</span> <span class='ocrx_word' id='word_1_241' title='bbox 1463 2764 1567 2840; x_wconf 79' lang='lat' dir='ltr'>singu-</span> 
     </span>
     <span class='ocr_line' id='line_1_26' title="bbox 268 2847 1649 2943; baseline -0.001 -16"><span class='ocrx_word' id='word_1_242' title='bbox 268 2867 358 2927; x_wconf 88' lang='lat' dir='ltr'>larem</span> <span class='ocrx_word' id='word_1_243' title='bbox 382 2847 536 2924; x_wconf 84' lang='lat' dir='ltr'>nmnerum</span> <span class='ocrx_word' id='word_1_244' title='bbox 560 2863 635 2923; x_wconf 82' lang='lat' dir='ltr'>lianc</span> <span class='ocrx_word' id='word_1_245' title='bbox 658 2862 780 2922; x_wconf 89' lang='lat' dir='ltr'>eandem</span> <span class='ocrx_word' id='word_1_246' title='bbox 803 2863 921 2923; x_wconf 82' lang='lat' dir='ltr'>ordines</span> <span class='ocrx_word' id='word_1_247' title='bbox 940 2862 1100 2922; x_wconf 89' lang='lat' dir='ltr'>orationem</span> <span class='ocrx_word' id='word_1_248' title='bbox 1121 2863 1244 2924; x_wconf 88' lang='lat' dir='ltr'>dicendo</span> <span class='ocrx_word' id='word_1_249' title='bbox 1269 2867 1403 2925; x_wconf 68' lang='lat' dir='ltr'>‘oratore</span> <span class='ocrx_word' id='word_1_250' title='bbox 1422 2865 1566 2943; x_wconf 78' lang='lat' dir='ltr'>magistro</span> <span class='ocrx_word' id='word_1_251' title='bbox 1642 2848 1649 2863; x_wconf 60' lang='lat'><strong>⁹</strong></span> 
     </span>
     <span class='ocr_line' id='line_1_27' title="bbox 268 2961 1602 3028; baseline 0 0"><span class='ocrx_word' id='word_1_252' title='bbox 268 2971 362 3028; x_wconf 87' lang='lat' dir='ltr'>ulor&#39;.</span> <span class='ocrx_word' id='word_1_253' title='bbox 407 2965 503 3025; x_wconf 91' lang='lat' dir='ltr'>omnia</span> <span class='ocrx_word' id='word_1_254' title='bbox 527 2965 604 3025; x_wconf 89' lang='lat' dir='ltr'>enim</span> <span class='ocrx_word' id='word_1_255' title='bbox 624 2961 652 3024; x_wconf 90' lang='lat' dir='ltr'>in</span> <span class='ocrx_word' id='word_1_256' title='bbox 671 2983 687 3023; x_wconf 91' lang='lat' dir='ltr'>e</span> <span class='ocrx_word' id='word_1_257' title='bbox 708 2964 891 3024; x_wconf 87' lang='lat' dir='ltr'>terminantia</span> <span class='ocrx_word' id='word_1_258' title='bbox 912 2964 1066 3024; x_wconf 77' lang='lat' dir='ltr'>ablativum</span> <span class='ocrx_word' id='word_1_259' title='bbox 1083 2965 1242 3026; x_wconf 89' lang='lat' dir='ltr'>masculina</span> <span class='ocrx_word' id='word_1_260' title='bbox 1264 2966 1308 3025; x_wconf 91' lang='lat' dir='ltr'>vel</span> <span class='ocrx_word' id='word_1_261' title='bbox 1329 2963 1464 3026; x_wconf 86' lang='lat' dir='ltr'>lerninina</span> <span class='ocrx_word' id='word_1_262' title='bbox 1492 2965 1602 3028; x_wconf 78' lang='lat' dir='ltr'>nullios</span> 
     </span>
     <span class='ocr_line' id='line_1_28' title="bbox 223 3064 1566 3148; baseline -0.001 -19"><span class='ocrx_word' id='word_1_263' title='bbox 223 3079 251 3129; x_wconf 83' lang='lat' dir='ltr'>tt</span> <span class='ocrx_word' id='word_1_264' title='bbox 270 3070 353 3131; x_wconf 90' lang='lat' dir='ltr'>alteri</span> <span class='ocrx_word' id='word_1_265' title='bbox 373 3087 439 3129; x_wconf 85' lang='lat' dir='ltr'>eum</span> <span class='ocrx_word' id='word_1_266' title='bbox 462 3085 563 3127; x_wconf 88' lang='lat' dir='ltr'>casum</span> <span class='ocrx_word' id='word_1_267' title='bbox 586 3064 710 3126; x_wconf 88' lang='lat' dir='ltr'>similem</span> <span class='ocrx_word' id='word_1_268' title='bbox 733 3064 850 3125; x_wconf 88' lang='lat' dir='ltr'>babent.</span> <span class='ocrx_word' id='word_1_269' title='bbox 885 3067 998 3135; x_wconf 78' lang='lat' dir='ltr'>Quotae</span> <span class='ocrx_word' id='word_1_270' title='bbox 1021 3075 1066 3126; x_wconf 89' lang='lat' dir='ltr'>est</span> <span class='ocrx_word' id='word_1_271' title='bbox 1088 3065 1308 3148; x_wconf 76' lang='lat' dir='ltr'>deelilluationis</span> <span class='ocrx_word' id='word_1_272' title='bbox 1329 3064 1429 3126; x_wconf 80' lang='lat' dir='ltr'>arma?</span> <span class='ocrx_word' id='word_1_273' title='bbox 1450 3068 1566 3127; x_wconf 86' lang='lat' dir='ltr'>Secun-</span> 
     </span>
     <span class='ocr_line' id='line_1_29' title="bbox 267 3166 1564 3246; baseline -0.002 -14"><span class='ocrx_word' id='word_1_274' title='bbox 267 3173 331 3232; x_wconf 89' lang='lat' dir='ltr'>dae.</span> <span class='ocrx_word' id='word_1_275' title='bbox 378 3166 497 3241; x_wconf 80' lang='lat' dir='ltr'>Quave?</span> <span class='ocrx_word' id='word_1_276' title='bbox 520 3167 593 3238; x_wconf 80' lang='lat' dir='ltr'>Quia</span> <span class='ocrx_word' id='word_1_277' title='bbox 615 3166 779 3244; x_wconf 80' lang='lat' dir='ltr'>genetivum</span> <span class='ocrx_word' id='word_1_278' title='bbox 801 3186 948 3227; x_wconf 86' lang='lat' dir='ltr'>armornm</span> <span class='ocrx_word' id='word_1_279' title='bbox 971 3168 1049 3227; x_wconf 83' lang='lat' dir='ltr'>lacit.</span> <span class='ocrx_word' id='word_1_280' title='bbox 1090 3167 1186 3228; x_wconf 91' lang='lat' dir='ltr'>onmia</span> <span class='ocrx_word' id='word_1_281' title='bbox 1210 3176 1305 3229; x_wconf 90' lang='lat' dir='ltr'>autem</span> <span class='ocrx_word' id='word_1_282' title='bbox 1321 3175 1423 3228; x_wconf 88' lang='lat' dir='ltr'>neutra</span> <span class='ocrx_word' id='word_1_283' title='bbox 1439 3168 1564 3246; x_wconf 88' lang='lat' dir='ltr'>pluralia</span> 
     </span>
     <span class='ocr_line' id='line_1_30' title="bbox 267 3264 1565 3349; baseline -0.003 -14"><span class='ocrx_word' id='word_1_284' title='bbox 267 3294 283 3335; x_wconf 93' lang='lat' dir='ltr'>a</span> <span class='ocrx_word' id='word_1_285' title='bbox 313 3273 427 3334; x_wconf 82' lang='lat' dir='ltr'>finalem</span> <span class='ocrx_word' id='word_1_286' title='bbox 455 3268 622 3331; x_wconf 86' lang='lat' dir='ltr'>nominativi</span> <span class='ocrx_word' id='word_1_287' title='bbox 651 3268 680 3327; x_wconf 93' lang='lat' dir='ltr'>in</span> <span class='ocrx_word' id='word_1_288' title='bbox 703 3264 707 3348; x_wconf 91' lang='grc' dir='ltr'>Ι</span> <span class='ocrx_word' id='word_1_289' title='bbox 734 3286 751 3327; x_wconf 93' lang='lat' dir='ltr'>o</span> <span class='ocrx_word' id='word_1_290' title='bbox 780 3267 895 3346; x_wconf 80' lang='lat' dir='ltr'>longam</span> <span class='ocrx_word' id='word_1_291' title='bbox 923 3276 1098 3328; x_wconf 88' lang='lat' dir='ltr'>convertunt</span> <span class='ocrx_word' id='word_1_292' title='bbox 1120 3277 1149 3329; x_wconf 90' lang='lat' dir='ltr'>et</span> <span class='ocrx_word' id='word_1_293' title='bbox 1171 3268 1267 3329; x_wconf 92' lang='lat' dir='ltr'>addita</span> <span class='ocrx_word' id='word_1_294' title='bbox 1292 3288 1355 3330; x_wconf 90' lang='lat' dir='ltr'>vum</span> <span class='ocrx_word' id='word_1_295' title='bbox 1380 3270 1490 3329; x_wconf 85' lang='lat' dir='ltr'>iaciunt</span> <span class='ocrx_word' id='word_1_296' title='bbox 1512 3290 1565 3349; x_wconf 81' lang='lat' dir='ltr'>ge·</span> 
     </span>
     <span class='ocr_line' id='line_1_31' title="bbox 268 3368 1563 3450; baseline -0.002 -15"><span class='ocrx_word' id='word_1_297' title='bbox 268 3376 411 3446; x_wconf 86' lang='lat' dir='ltr'>netimm,</span> <span class='ocrx_word' id='word_1_298' title='bbox 440 3373 464 3431; x_wconf 92' lang='lat' dir='ltr'>si</span> <span class='ocrx_word' id='word_1_299' title='bbox 495 3370 553 3431; x_wconf 90' lang='lat' dir='ltr'>sint</span> <span class='ocrx_word' id='word_1_300' title='bbox 581 3368 728 3429; x_wconf 88' lang='lat' dir='ltr'>secundae</span> <span class='ocrx_word' id='word_1_301' title='bbox 756 3369 968 3430; x_wconf 83' lang='lat' dir='ltr'>declinationis.</span> <span class='ocrx_word' id='word_1_302' title='bbox 1013 3370 1083 3430; x_wconf 92' lang='lat' dir='ltr'>illud</span> <span class='ocrx_word' id='word_1_303' title='bbox 1118 3388 1234 3448; x_wconf 91' lang='lat' dir='ltr'>quoque</span> <span class='ocrx_word' id='word_1_304' title='bbox 1267 3389 1425 3450; x_wconf 91' lang='lat' dir='ltr'>possumus</span> <span class='ocrx_word' id='word_1_305' title='bbox 1453 3370 1563 3446; x_wconf 87' lang='lat' dir='ltr'>dicere,</span> 
     </span>
     <span class='ocr_line' id='line_1_32' title="bbox 266 3469 1599 3556; baseline -0.001 -21"><span class='ocrx_word' id='word_1_306' title='bbox 266 3478 344 3556; x_wconf 89' lang='lat' dir='ltr'>quod</span> <span class='ocrx_word' id='word_1_307' title='bbox 372 3474 492 3535; x_wconf 86' lang='lat' dir='ltr'>alterius</span> <span class='ocrx_word' id='word_1_308' title='bbox 522 3469 725 3530; x_wconf 80' lang='lat' dir='ltr'>declinationis</span> <span class='ocrx_word' id='word_1_309' title='bbox 752 3470 947 3532; x_wconf 88' lang='lat' dir='ltr'>nominativus</span> <span class='ocrx_word' id='word_1_310' title='bbox 969 3472 998 3532; x_wconf 92' lang='lat' dir='ltr'>in</span> <span class='ocrx_word' id='word_1_311' title='bbox 1027 3490 1074 3532; x_wconf 88' lang='lat' dir='ltr'>rna</span> <span class='ocrx_word' id='word_1_312' title='bbox 1096 3471 1235 3532; x_wconf 86' lang='lat' dir='ltr'>desinens</span> <span class='ocrx_word' id='word_1_313' title='bbox 1258 3472 1286 3532; x_wconf 96' lang='lat' dir='ltr'>in</span> <span class='ocrx_word' id='word_1_314' title='bbox 1310 3472 1413 3551; x_wconf 90' lang='lat' dir='ltr'>plurali</span> <span class='ocrx_word' id='word_1_315' title='bbox 1437 3491 1599 3534; x_wconf 82' lang='lat' dir='ltr'>numeroso</span> 
     </span>
     <span class='ocr_line' id='line_1_33' title="bbox 194 3571 1562 3652; baseline 0.002 -19"><span class='ocrx_word' id='word_1_316' title='bbox 194 3618 201 3633; x_wconf 78' lang='lat'>.</span> <span class='ocrx_word' id='word_1_317' title='bbox 267 3597 325 3637; x_wconf 91' lang='lat' dir='ltr'>non</span> <span class='ocrx_word' id='word_1_318' title='bbox 349 3575 494 3636; x_wconf 85' lang='lat' dir='ltr'>invenitur</span> <span class='ocrx_word' id='word_1_319' title='bbox 513 3571 569 3631; x_wconf 90' lang='lat' dir='ltr'>nisi</span> <span class='ocrx_word' id='word_1_320' title='bbox 592 3571 754 3643; x_wconf 85' lang='lat' dir='ltr'>secundae,</span> <span class='ocrx_word' id='word_1_321' title='bbox 779 3582 810 3631; x_wconf 93' lang='lat' dir='ltr'>nt</span> <span class='ocrx_word' id='word_1_322' title='bbox 829 3573 922 3652; x_wconf 90' lang='lat' dir='ltr'>pvima</span> <span class='ocrx_word' id='word_1_323' title='bbox 946 3574 1121 3652; x_wconf 89' lang='lat' dir='ltr'>primorum,</span> <span class='ocrx_word' id='word_1_324' title='bbox 1139 3592 1252 3634; x_wconf 90' lang='lat' dir='ltr'>summa</span> <span class='ocrx_word' id='word_1_325' title='bbox 1276 3593 1467 3634; x_wconf 88' lang='lat' dir='ltr'>summorum.</span> <span class='ocrx_word' id='word_1_326' title='bbox 1503 3573 1562 3636; x_wconf 85' lang='lat' dir='ltr'>Fac</span> 
     </span>
     <span class='ocr_line' id='line_1_34' title="bbox 268 3671 1562 3754; baseline -0.001 -16"><span class='ocrx_word' id='word_1_327' title='bbox 268 3677 422 3738; x_wconf 89' lang='lat' dir='ltr'>derivativa</span> <span class='ocrx_word' id='word_1_328' title='bbox 444 3675 480 3734; x_wconf 93' lang='lat' dir='ltr'>ab</span> <span class='ocrx_word' id='word_1_329' title='bbox 504 3693 549 3734; x_wconf 89' lang='lat' dir='ltr'>eo.</span> <span class='ocrx_word' id='word_1_330' title='bbox 594 3671 754 3732; x_wconf 70' lang='lat' dir='ltr'>ormarium</span> <span class='ocrx_word' id='word_1_331' title='bbox 779 3682 990 3734; x_wconf 87' lang='lat' dir='ltr'>armamentum</span> <span class='ocrx_word' id='word_1_332' title='bbox 1009 3676 1264 3735; x_wconf 89' lang='lat' dir='ltr'>armamentarium</span> <span class='ocrx_word' id='word_1_333' title='bbox 1289 3674 1465 3748; x_wconf 83' lang='lat' dir='ltr'>arvrvillae,</span> <span class='ocrx_word' id='word_1_334' title='bbox 1486 3694 1562 3754; x_wconf 89' lang='lat' dir='ltr'>quae</span> 
     </span>
     <span class='ocr_line' id='line_1_35' title="bbox 266 3768 1562 3857; baseline -0.002 -17"><span class='ocrx_word' id='word_1_335' title='bbox 266 3798 344 3840; x_wconf 91' lang='lat' dir='ltr'>nunc</span> <span class='ocrx_word' id='word_1_336' title='bbox 366 3774 522 3837; x_wconf 88' lang='lat' dir='ltr'>brachialia</span> <span class='ocrx_word' id='word_1_337' title='bbox 544 3783 663 3848; x_wconf 79' lang='lat' dir='ltr'>vocant3</span> <span class='ocrx_word' id='word_1_338' title='bbox 686 3773 729 3834; x_wconf 88' lang='lat' dir='ltr'>sic</span> <span class='ocrx_word' id='word_1_339' title='bbox 744 3774 876 3833; x_wconf 83' lang='lat' dir='ltr'>Cicero</span> <span class='ocrx_word' id='word_1_340' title='bbox 895 3768 927 3834; x_wconf 65' lang='lat' dir='ltr'>in&#39;</span> <span class='ocrx_word' id='word_1_341' title='bbox 947 3785 1051 3853; x_wconf 89' lang='lat' dir='ltr'>quarto</span> <span class='ocrx_word' id='word_1_342' title='bbox 1073 3777 1115 3836; x_wconf 92' lang='lat' dir='ltr'>de</span> <span class='ocrx_word' id='word_1_343' title='bbox 1137 3796 1176 3837; x_wconf 89' lang='lat' dir='ltr'>re</span> <span class='ocrx_word' id='word_1_344' title='bbox 1196 3777 1366 3857; x_wconf 90' lang='lat' dir='ltr'>publica:</span> <span class='ocrx_word' id='word_1_345' title='bbox 1394 3788 1562 3839; x_wconf 89' lang='lat' dir='ltr'>armentum</span> 
     </span>
     <span class='ocr_line' id='line_1_36' title="bbox 266 3874 1561 3942; baseline -0.002 0"><span class='ocrx_word' id='word_1_346' title='bbox 266 3889 295 3942; x_wconf 92' lang='lat' dir='ltr'>et</span> <span class='ocrx_word' id='word_1_347' title='bbox 318 3879 353 3940; x_wconf 89' lang='lat' dir='ltr'>ab</span> <span class='ocrx_word' id='word_1_348' title='bbox 377 3898 412 3938; x_wconf 91' lang='lat' dir='ltr'>eo</span> <span class='ocrx_word' id='word_1_349' title='bbox 434 3876 638 3937; x_wconf 80' lang='lat' dir='ltr'>armentarius.</span> <span class='ocrx_word' id='word_1_350' title='bbox 684 3874 736 3935; x_wconf 87' lang='lat' dir='ltr'>Dio</span> <span class='ocrx_word' id='word_1_351' title='bbox 757 3875 877 3935; x_wconf 87' lang='lat' dir='ltr'>verbum</span> <span class='ocrx_word' id='word_1_352' title='bbox 899 3877 1156 3939; x_wconf 90' lang='lat' dir='ltr'>denominativum.</span> <span class='ocrx_word' id='word_1_353' title='bbox 1209 3883 1297 3938; x_wconf 86' lang='lat' dir='ltr'>tlrmo</span> <span class='ocrx_word' id='word_1_354' title='bbox 1329 3897 1425 3939; x_wconf 88' lang='lat' dir='ltr'>annas</span> <span class='ocrx_word' id='word_1_355' title='bbox 1457 3888 1561 3940; x_wconf 89' lang='lat' dir='ltr'>armat.</span> 
     </span>
     <span class='ocr_line' id='line_1_37' title="bbox 216 3976 1596 4056; baseline -0.002 -9"><span class='ocrx_word' id='word_1_356' title='bbox 216 3995 250 4047; x_wconf 81' lang='lat'>15</span> <span class='ocrx_word' id='word_1_357' title='bbox 267 3983 348 4044; x_wconf 84' lang='lat' dir='ltr'>Vnde</span> <span class='ocrx_word' id='word_1_358' title='bbox 377 3990 488 4040; x_wconf 88' lang='lat' dir='ltr'>certum</span> <span class='ocrx_word' id='word_1_359' title='bbox 519 3985 578 4051; x_wconf 90' lang='lat' dir='ltr'>est,</span> <span class='ocrx_word' id='word_1_360' title='bbox 606 3977 722 4055; x_wconf 91' lang='lat' dir='ltr'>quando</span> <span class='ocrx_word' id='word_1_361' title='bbox 751 3976 869 4038; x_wconf 89' lang='lat' dir='ltr'>verbum</span> <span class='ocrx_word' id='word_1_362' title='bbox 902 3997 917 4039; x_wconf 93' lang='lat' dir='ltr'>a</span> <span class='ocrx_word' id='word_1_363' title='bbox 946 3981 1064 4041; x_wconf 89' lang='lat' dir='ltr'>nomine</span> <span class='ocrx_word' id='word_1_364' title='bbox 1090 3988 1120 4040; x_wconf 86' lang='lat' dir='ltr'>el</span> <span class='ocrx_word' id='word_1_365' title='bbox 1146 3980 1262 4056; x_wconf 91' lang='lat' dir='ltr'>quando</span> <span class='ocrx_word' id='word_1_366' title='bbox 1291 3999 1396 4047; x_wconf 83' lang='lat' dir='ltr'>nomen</span> <span class='ocrx_word' id='word_1_367' title='bbox 1425 3999 1440 4040; x_wconf 93' lang='lat' dir='ltr'>a</span> <span class='ocrx_word' id='word_1_368' title='bbox 1470 3981 1596 4044; x_wconf 76' lang='lat' dir='ltr'>verbosa</span> 
     </span>
     <span class='ocr_line' id='line_1_38' title="bbox 265 4079 1561 4160; baseline -0.001 -16"><span class='ocrx_word' id='word_1_369' title='bbox 265 4080 416 4154; x_wconf 77' lang='lat' dir='ltr'>nascitur?</span> <span class='ocrx_word' id='word_1_370' title='bbox 440 4080 482 4141; x_wconf 85' lang='lat' dir='ltr'>Ex</span> <span class='ocrx_word' id='word_1_371' title='bbox 498 4080 561 4160; x_wconf 92' lang='lat' dir='ltr'>ipsa</span> <span class='ocrx_word' id='word_1_372' title='bbox 584 4079 797 4158; x_wconf 82' lang='lat' dir='ltr'>significatione</span> <span class='ocrx_word' id='word_1_373' title='bbox 820 4088 849 4140; x_wconf 87' lang='lat' dir='ltr'>et</span> <span class='ocrx_word' id='word_1_374' title='bbox 867 4088 969 4140; x_wconf 91' lang='lat' dir='ltr'>natura</span> <span class='ocrx_word' id='word_1_375' title='bbox 986 4099 1096 4142; x_wconf 90' lang='lat' dir='ltr'>rerum.</span> <span class='ocrx_word' id='word_1_376' title='bbox 1131 4099 1198 4142; x_wconf 88' lang='lat' dir='ltr'>nam</span> <span class='ocrx_word' id='word_1_377' title='bbox 1210 4099 1446 4160; x_wconf 82' lang='lat' dir='ltr'>nonpossumus</span> <span class='ocrx_word' id='word_1_378' title='bbox 1462 4082 1561 4143; x_wconf 90' lang='lat' dir='ltr'>dicere</span> 
     </span>
    </p>
   </div>
   <div class='ocr_carea' id='block_1_4' title="bbox 220 4266 1560 4888">
    <p class='ocr_par' dir='ltr' id='par_1_4' title="bbox 349 4266 1560 4334">
     <span class='ocr_line' id='line_1_39' title="bbox 349 4266 1560 4334; baseline 0 -15"><span class='ocrx_word' id='word_1_379' title='bbox 349 4268 517 4334; x_wconf 72' lang='lat' dir='ltr'>&#39;lexpediunt</span> <span class='ocrx_word' id='word_1_380' title='bbox 534 4267 620 4316; x_wconf 73' lang='lat' dir='ltr'>ared</span> <span class='ocrx_word' id='word_1_381' title='bbox 722 4266 740 4317; x_wconf 83' lang='grc' dir='ltr'><strong>θ</strong></span> <span class='ocrx_word' id='word_1_382' title='bbox 760 4275 844 4331; x_wconf 88' lang='lat' dir='ltr'>potest</span> <span class='ocrx_word' id='word_1_383' title='bbox 864 4293 897 4302; x_wconf 90' lang='lat'><em>-</em></span> <span class='ocrx_word' id='word_1_384' title='bbox 916 4266 933 4316; x_wconf 84' lang='lat'><strong>8</strong></span> <span class='ocrx_word' id='word_1_385' title='bbox 949 4268 1012 4316; x_wconf 83' lang='lat' dir='ltr'>armi</span> <span class='ocrx_word' id='word_1_386' title='bbox 1037 4283 1083 4319; x_wconf 84' lang='lat' dir='ltr'>our.</span> <span class='ocrx_word' id='word_1_387' title='bbox 1103 4267 1124 4317; x_wconf 91' lang='lat' dir='ltr'><em>S</em></span> <span class='ocrx_word' id='word_1_388' title='bbox 1209 4276 1292 4317; x_wconf 87' lang='lat' dir='ltr'>autem</span> <span class='ocrx_word' id='word_1_389' title='bbox 1312 4267 1335 4314; x_wconf 85' lang='lat' dir='ltr'><em>L</em></span> <span class='ocrx_word' id='word_1_390' title='bbox 1352 4277 1378 4318; x_wconf 84' lang='lat' dir='ltr'>et</span> <span class='ocrx_word' id='word_1_391' title='bbox 1395 4269 1479 4318; x_wconf 74' lang='lat' dir='ltr'>codex</span> <span class='ocrx_word' id='word_1_392' title='bbox 1500 4269 1560 4319; x_wconf 84' lang='lat' dir='ltr'>Mo-</span> 
     </span>
    </p>

    <p class='ocr_par' dir='ltr' id='par_1_5' title="bbox 220 4335 1560 4470">
     <span class='ocr_line' id='line_1_40' title="bbox 263 4335 1560 4402; baseline -0.002 -11"><span class='ocrx_word' id='word_1_393' title='bbox 263 4343 380 4393; x_wconf 75' lang='lat' dir='ltr'>nacensis</span> <span class='ocrx_word' id='word_1_394' title='bbox 397 4338 445 4388; x_wconf 91' lang='lat' dir='ltr'>boc</span> <span class='ocrx_word' id='word_1_395' title='bbox 464 4336 484 4386; x_wconf 82' lang='lat' dir='ltr'><em>G</em></span> <span class='ocrx_word' id='word_1_396' title='bbox 501 4337 612 4392; x_wconf 73' lang='lat' dir='ltr'>etiam5</span> <span class='ocrx_word' id='word_1_397' title='bbox 684 4335 716 4384; x_wconf 77' lang='lat'>12</span> <span class='ocrx_word' id='word_1_398' title='bbox 734 4337 850 4385; x_wconf 81' lang='lat' dir='ltr'>inuenies</span> <span class='ocrx_word' id='word_1_399' title='bbox 868 4337 890 4385; x_wconf 91' lang='lat' dir='ltr'><em>S</em></span> <span class='ocrx_word' id='word_1_400' title='bbox 911 4337 1050 4386; x_wconf 85' lang='lat' dir='ltr'>inuenisG</span> <span class='ocrx_word' id='word_1_401' title='bbox 1121 4336 1151 4387; x_wconf 82' lang='lat'>19</span> <span class='ocrx_word' id='word_1_402' title='bbox 1167 4337 1189 4386; x_wconf 89' lang='lat' dir='ltr'>si</span> <span class='ocrx_word' id='word_1_403' title='bbox 1208 4353 1272 4400; x_wconf 91' lang='lat' dir='ltr'>quos</span> <span class='ocrx_word' id='word_1_404' title='bbox 1289 4339 1404 4387; x_wconf 78' lang='lat' dir='ltr'>inuenies</span> <span class='ocrx_word' id='word_1_405' title='bbox 1423 4338 1443 4386; x_wconf 80' lang='lat' dir='ltr'><em>S</em></span> <span class='ocrx_word' id='word_1_406' title='bbox 1461 4340 1487 4387; x_wconf 92' lang='lat' dir='ltr'>in</span> <span class='ocrx_word' id='word_1_407' title='bbox 1503 4341 1560 4402; x_wconf 87' lang='lat' dir='ltr'>qul-</span> 
     </span>
     <span class='ocr_line' id='line_1_41' title="bbox 220 4406 1477 4470; baseline -0.004 -9"><span class='ocrx_word' id='word_1_408' title='bbox 220 4440 224 4445; x_wconf 93' lang='lat'>·</span> <span class='ocrx_word' id='word_1_409' title='bbox 264 4413 311 4461; x_wconf 86' lang='lat' dir='ltr'>bus</span> <span class='ocrx_word' id='word_1_410' title='bbox 330 4407 483 4458; x_wconf 83' lang='lat' dir='ltr'>inoeuiesC</span> <span class='ocrx_word' id='word_1_411' title='bbox 534 4450 538 4457; x_wconf 89' lang='lat'>.</span> <span class='ocrx_word' id='word_1_412' title='bbox 568 4406 602 4456; x_wconf 74' lang='lat'>20</span> <span class='ocrx_word' id='word_1_413' title='bbox 623 4414 682 4454; x_wconf 85' lang='lat' dir='ltr'>sunt</span> <span class='ocrx_word' id='word_1_414' title='bbox 702 4420 826 4470; x_wconf 88' lang='lat' dir='ltr'>compone</span> <span class='ocrx_word' id='word_1_415' title='bbox 851 4406 954 4455; x_wconf 76' lang='lat' dir='ltr'>eosdem</span> <span class='ocrx_word' id='word_1_416' title='bbox 977 4407 1116 4455; x_wconf 84' lang='lat' dir='ltr'>secundum</span> <span class='ocrx_word' id='word_1_417' title='bbox 1135 4415 1287 4456; x_wconf 87' lang='lat' dir='ltr'>structuram</span> <span class='ocrx_word' id='word_1_418' title='bbox 1306 4421 1361 4455; x_wconf 86' lang='lat' dir='ltr'>cnm</span> <span class='ocrx_word' id='word_1_419' title='bbox 1381 4407 1477 4456; x_wconf 84' lang='lat' dir='ltr'>aliisS</span> 
     </span>
    </p>

    <p class='ocr_par' dir='ltr' id='par_1_6' title="bbox 262 4474 1560 4888">
     <span class='ocr_line' id='line_1_42' title="bbox 263 4474 1560 4540; baseline -0.002 -11"><span class='ocrx_word' id='word_1_420' title='bbox 263 4483 296 4529; x_wconf 77' lang='lat'>²5</span> <span class='ocrx_word' id='word_1_421' title='bbox 316 4478 455 4527; x_wconf 83' lang='lat' dir='ltr'>masculina</span> <span class='ocrx_word' id='word_1_422' title='bbox 471 4476 510 4525; x_wconf 88' lang='lat' dir='ltr'>vel</span> <span class='ocrx_word' id='word_1_423' title='bbox 530 4474 652 4524; x_wconf 78' lang='lat' dir='ltr'>feminina</span> <span class='ocrx_word' id='word_1_424' title='bbox 669 4490 715 4524; x_wconf 76' lang='lat' dir='ltr'>orit.</span> <span class='ocrx_word' id='word_1_425' title='bbox 736 4475 764 4540; x_wconf 89' lang='lat' dir='ltr'>S,</span> <span class='ocrx_word' id='word_1_426' title='bbox 782 4475 871 4526; x_wconf 71' lang='lat' dir='ltr'>odda</span> <span class='ocrx_word' id='word_1_427' title='bbox 959 4476 992 4526; x_wconf 81' lang='lat'>30</span> <span class='ocrx_word' id='word_1_428' title='bbox 1011 4477 1076 4524; x_wconf 84' lang='lat' dir='ltr'>aliae</span> <span class='ocrx_word' id='word_1_429' title='bbox 1101 4475 1319 4524; x_wconf 86' lang='lat' dir='ltr'>dectirmtionisS</span> <span class='ocrx_word' id='word_1_430' title='bbox 1388 4478 1560 4527; x_wconf 83' lang='lat' dir='ltr'>nominatiuus</span> 
     </span>
     <span class='ocr_line' id='line_1_43' title="bbox 263 4543 1560 4611; baseline -0.002 -12"><span class='ocrx_word' id='word_1_431' title='bbox 263 4549 284 4599; x_wconf 81' lang='lat'><strong><em>0</em></strong></span> <span class='ocrx_word' id='word_1_432' title='bbox 306 4544 435 4596; x_wconf 88' lang='lat' dir='ltr'>nomenS</span> <span class='ocrx_word' id='word_1_433' title='bbox 516 4544 548 4595; x_wconf 85' lang='lat'>31</span> <span class='ocrx_word' id='word_1_434' title='bbox 572 4543 728 4593; x_wconf 86' lang='lat' dir='ltr'>inueniosS</span> <span class='ocrx_word' id='word_1_435' title='bbox 831 4545 864 4595; x_wconf 79' lang='lat'>32</span> <span class='ocrx_word' id='word_1_436' title='bbox 889 4560 954 4606; x_wconf 87' lang='lat' dir='ltr'>quae</span> <span class='ocrx_word' id='word_1_437' title='bbox 978 4571 1004 4581; x_wconf 93' lang='lat'>-</span> <span class='ocrx_word' id='word_1_438' title='bbox 1027 4544 1061 4594; x_wconf 71' lang='lat'>325</span> <span class='ocrx_word' id='word_1_439' title='bbox 1085 4543 1169 4594; x_wconf 85' lang='lat' dir='ltr'>dere</span> <span class='ocrx_word' id='word_1_440' title='bbox 1187 4545 1287 4611; x_wconf 87' lang='lat' dir='ltr'>publiea</span> <span class='ocrx_word' id='word_1_441' title='bbox 1305 4561 1350 4593; x_wconf 90' lang='lat' dir='ltr'>om.</span> <span class='ocrx_word' id='word_1_442' title='bbox 1371 4547 1472 4608; x_wconf 84' lang='lat' dir='ltr'>quroe</span> <span class='ocrx_word' id='word_1_443' title='bbox 1492 4563 1560 4596; x_wconf 89' lang='lat' dir='ltr'>nune</span> 
     </span>
     <span class='ocr_line' id='line_1_44' title="bbox 263 4612 1560 4680; baseline -0.001 -14"><span class='ocrx_word' id='word_1_444' title='bbox 263 4617 401 4666; x_wconf 83' lang='lat' dir='ltr'>brachialio</span> <span class='ocrx_word' id='word_1_445' title='bbox 421 4623 524 4663; x_wconf 88' lang='lat' dir='ltr'>uocant.</span> <span class='ocrx_word' id='word_1_446' title='bbox 553 4612 595 4663; x_wconf 90' lang='lat' dir='ltr'>Sic</span> <span class='ocrx_word' id='word_1_447' title='bbox 610 4615 691 4663; x_wconf 86' lang='lat' dir='ltr'>cicero</span> <span class='ocrx_word' id='word_1_448' title='bbox 709 4614 734 4661; x_wconf 91' lang='lat' dir='ltr'>iu</span> <span class='ocrx_word' id='word_1_449' title='bbox 753 4614 822 4663; x_wconf 94' lang='lat' dir='ltr'>llllto</span> <span class='ocrx_word' id='word_1_450' title='bbox 841 4614 873 4662; x_wconf 87' lang='lat' dir='ltr'>de</span> <span class='ocrx_word' id='word_1_451' title='bbox 892 4616 1020 4679; x_wconf 82' lang='lat' dir='ltr'>republica</span> <span class='ocrx_word' id='word_1_452' title='bbox 1039 4614 1064 4662; x_wconf 91' lang='lat' dir='ltr'>id</span> <span class='ocrx_word' id='word_1_453' title='bbox 1083 4622 1121 4662; x_wconf 87' lang='lat' dir='ltr'>est</span> <span class='ocrx_word' id='word_1_454' title='bbox 1140 4614 1172 4662; x_wconf 83' lang='lat' dir='ltr'>de</span> <span class='ocrx_word' id='word_1_455' title='bbox 1191 4616 1317 4663; x_wconf 89' lang='lat' dir='ltr'>communi</span> <span class='ocrx_word' id='word_1_456' title='bbox 1337 4631 1364 4662; x_wconf 88' lang='lat' dir='ltr'>re</span> <span class='ocrx_word' id='word_1_457' title='bbox 1379 4616 1410 4664; x_wconf 88' lang='lat' dir='ltr'>de.</span> <span class='ocrx_word' id='word_1_458' title='bbox 1429 4616 1560 4680; x_wconf 80' lang='lat' dir='ltr'>goberna-</span> 
     </span>
     <span class='ocr_line' id='line_1_45' title="bbox 263 4682 1559 4748; baseline -0.002 -13"><span class='ocrx_word' id='word_1_459' title='bbox 263 4687 330 4735; x_wconf 88' lang='lat' dir='ltr'>tione</span> <span class='ocrx_word' id='word_1_460' title='bbox 349 4685 422 4748; x_wconf 82' lang='lat' dir='ltr'>regni</span> <span class='ocrx_word' id='word_1_461' title='bbox 440 4686 467 4733; x_wconf 82' lang='lat' dir='ltr'>in</span> <span class='ocrx_word' id='word_1_462' title='bbox 488 4686 600 4748; x_wconf 76' lang='lat' dir='ltr'>nrorpioe</span> <span class='ocrx_word' id='word_1_463' title='bbox 624 4683 721 4732; x_wconf 70' lang='lat' dir='ltr'>adde</span> <span class='ocrx_word' id='word_1_464' title='bbox 794 4683 827 4734; x_wconf 80' lang='lat'>33</span> <span class='ocrx_word' id='word_1_465' title='bbox 854 4683 988 4732; x_wconf 83' lang='lat' dir='ltr'>brachialia</span> <span class='ocrx_word' id='word_1_466' title='bbox 1015 4692 1164 4732; x_wconf 84' lang='lat' dir='ltr'>ornamento</span> <span class='ocrx_word' id='word_1_467' title='bbox 1186 4682 1362 4746; x_wconf 84' lang='lat' dir='ltr'>brachiorum,</span> <span class='ocrx_word' id='word_1_468' title='bbox 1381 4700 1445 4746; x_wconf 85' lang='lat' dir='ltr'>quoe</span> <span class='ocrx_word' id='word_1_469' title='bbox 1463 4684 1559 4734; x_wconf 83' lang='lat' dir='ltr'>Graece</span> 
     </span>
     <span class='ocr_line' id='line_1_46' title="bbox 262 4751 1557 4820; baseline 0.001 -17"><span class='ocrx_word' id='word_1_470' title='bbox 262 4753 393 4820; x_wconf 81' lang='lat' dir='ltr'>spieltldoe</span> <span class='ocrx_word' id='word_1_471' title='bbox 415 4762 546 4803; x_wconf 82' lang='lat' dir='ltr'>vocantur.</span> <span class='ocrx_word' id='word_1_472' title='bbox 583 4753 658 4802; x_wconf 86' lang='lat' dir='ltr'>alius.</span> <span class='ocrx_word' id='word_1_473' title='bbox 695 4766 759 4812; x_wconf 83' lang='lat' dir='ltr'>quoe</span> <span class='ocrx_word' id='word_1_474' title='bbox 779 4751 874 4802; x_wconf 87' lang='lat' dir='ltr'>Gmeco</span> <span class='ocrx_word' id='word_1_475' title='bbox 896 4753 1017 4802; x_wconf 86' lang='lat' dir='ltr'>vocabulo</span> <span class='ocrx_word' id='word_1_476' title='bbox 1035 4751 1172 4818; x_wconf 76' lang='lat' dir='ltr'>spiridione</span> <span class='ocrx_word' id='word_1_477' title='bbox 1186 4752 1317 4802; x_wconf 71' lang='lat' dir='ltr'>&#39;dicuntum</span> <span class='ocrx_word' id='word_1_478' title='bbox 1354 4753 1557 4804; x_wconf 75' lang='lat' dir='ltr'>dextr-oririoium</span> 
     </span>
     <span class='ocr_line' id='line_1_47' title="bbox 264 4820 1333 4888; baseline -0.002 -15"><span class='ocrx_word' id='word_1_479' title='bbox 264 4837 324 4873; x_wconf 88' lang='lat' dir='ltr'>vero</span> <span class='ocrx_word' id='word_1_480' title='bbox 342 4830 517 4872; x_wconf 80' lang='lat' dir='ltr'>ornamentum</span> <span class='ocrx_word' id='word_1_481' title='bbox 535 4821 640 4871; x_wconf 81' lang='lat' dir='ltr'>dextrae</span> <span class='ocrx_word' id='word_1_482' title='bbox 655 4832 747 4869; x_wconf 80' lang='lat' dir='ltr'>manus</span> <span class='ocrx_word' id='word_1_483' title='bbox 767 4820 859 4870; x_wconf 87' lang='lat' dir='ltr'>iterum</span> <span class='ocrx_word' id='word_1_484' title='bbox 877 4821 902 4870; x_wconf 69' lang='lat'>1,</span> <span class='ocrx_word' id='word_1_485' title='bbox 971 4822 998 4870; x_wconf 88' lang='lat' dir='ltr'>in</span> <span class='ocrx_word' id='word_1_486' title='bbox 1017 4830 1107 4884; x_wconf 82' lang='lat' dir='ltr'>quarto</span> <span class='ocrx_word' id='word_1_487' title='bbox 1124 4821 1157 4871; x_wconf 86' lang='lat' dir='ltr'>de</span> <span class='ocrx_word' id='word_1_488' title='bbox 1173 4829 1293 4888; x_wconf 77' lang='lat' dir='ltr'>praetura</span> <span class='ocrx_word' id='word_1_489' title='bbox 1312 4821 1333 4872; x_wconf 83' lang='grc'><em>0</em></span> 
     </span>
    </p>
   </div>
   <div class='ocr_carea' id='block_1_5' title="bbox 0 0 1680 5490">
    <p class='ocr_par' dir='ltr' id='par_1_7' title="bbox 0 0 1680 5490">
     <span class='ocr_line' id='line_1_48' title="bbox 0 0 1680 5490; baseline 0 0"><span class='ocrx_word' id='word_1_490' title='bbox 0 0 1680 5490; x_wconf 95' lang='lat' dir='ltr'> </span> 
     </span>
    </p>
   </div>
  </div>
 </body>
</html>
