3352 5490
425 339 674 402 rtuvtTturttts
696 341 748 402 llll
773 341 983 403 vetustum.
1004 342 1089 404 Vllll.
1115 353 1263 429 tlt-rac
1435 345 1497 406 503

270 455 344 495 ,uro
359 453 381 494 u
394 454 417 495 r.
1300 460 1407 502 ,ιιι-ιι
1441 491 1447 502 .

253 468 371 587 ¹'llum
395 543 470 603 quae
497 545 566 606 pars
591 526 730 588 orationis
760 526 825 588 est?
867 527 1043 589 Adrerbium
1068 529 1244 608 temporale,
1268 462 1495 608 qbomodoxbic.
1517 531 1562 584 ¹⁸1

201 636 246 688 est
272 636 368 688 autem
398 627 483 688 etiam
507 628 673 690 coniunctio
696 628 837 703 causalis,
865 629 981 707 quando
1004 647 1058 709 pro
1080 629 1132 689 tva
1154 631 1264 692 Graeca
1287 633 1496 695 coniunctione

202 728 359 808 accipitur,
381 737 412 788 ut
433 728 617 807 Virgilius
640 729 669 789 in
691 729 786 809 primo
807 730 992 791 Aeneidos

352 829 465 891 multa
489 848 635 908 quoque
658 841 694 891 et
716 831 818 892 bello
841 851 993 911 passus,
1016 831 1097 893 dum
1120 833 1301 895 conderet
1323 835 1455 896 urbem.

178 939 229 990 set
251 930 418 1004 sciendum,
447 931 524 1009 quod
548 931 715 993 adverbium
739 933 894 994 indicativo
917 933 1118 1012 coniungitur,
1141 933 1310 997 coniunctio
1333 956 1401 997 vero
1423 937 1491 997 sub·

199 1031 334 1092 iunctivo.
380 1041 543 1094 esttamen
567 1032 652 1094 etiam
675 1053 729 1112 pro
751 1035 956 1096 coniunctione
977 1033 1125 1115 repletiva,
1149 1044 1181 1097 ut

1215 1137 1339 1211 Sosia,

350 1235 541 1296 adesdum:
565 1237 694 1314 paucis
716 1247 750 1297 te
769 1238 868 1310 volo,

199 1345 228 1398 et
244 1336 392 1396 ‘nedum
412 1336 468 1397 illi
489 1338 702 1418 corrruptis
721 1340 885 1401 moribus
908 1340 1088 1401 victoriae
1107 1345 1381 1420 temperarent’.
1404 1360 1438 1402 ex
1456 1360 1492 1401 eo

167 1438 348 1499 roderivatur
374 1438 494 1499 dudum.
538 1448 607 1519 post
641 1458 697 1499 nec
724 1459 841 1518 quoque
869 1441 914 1502 vel
941 1449 1009 1521 post
1038 1460 1097 1502 uon
1126 1441 1168 1501 vel
1197 1450 1264 1521 post
1295 1442 1371 1503 baud
1395 1442 1492 1523 posita

198 1539 365 1601 adverbium
389 1547 434 1602 est
455 1539 629 1620 temporale,
653 1550 685 1601 ut
707 1542 832 1602 necdum
855 1543 985 1603 noudum
1004 1542 1082 1604 haud
1108 1542 1187 1602 dum.

282 1641 392 1702 Parte
414 1660 490 1719 quae
512 1660 580 1722 pars
603 1643 744 1703 orationis
766 1643 832 1704 est?
859 1644 981 1706 Nomen.
1012 1642 1127 1716 Quale?
1147 1642 1369 1723 Appellativum.
1399 1643 1489 1706 Cuius
1511 1655 1559 1708 182

197 1743 327 1825 speciei?
356 1743 535 1817 Primitirae,
558 1744 685 1833 generis·
699 1744 844 1814 seminini,
869 1744 983 1805 numeri
1005 1744 1175 1822 singularis,
1206 1745 1318 1822 figurae
1339 1744 1491 1825 simplicis,

198 1863 284 1906 casus
313 1845 439 1908 ablativi.
481 1845 541 1906 Cur
569 1863 638 1924 pars
665 1846 758 1925 partis
785 1844 874 1906 faciti
912 1845 986 1918 Quia
1011 1847 1109 1906 omnia
1132 1843 1137 1929 Ι
1159 1847 1190 1906 in
1213 1865 1244 1906 rs
1266 1845 1310 1906 vel
1337 1845 1363 1906 ls
1389 1846 1433 1907 rel
1456 1866 1491 1909 ns

166 1967 188 2007 rs
198 1946 360 2006 desinentia
387 1946 559 2026 interposita
590 1947 612 2007 ti
644 1947 756 2008 iaciunt
781 1947 967 2026 genetivum,
1003 1954 1034 2007 ut
1062 1967 1131 2027 pars
1159 1946 1266 2028 partis,
1296 1945 1362 2026 puls
1388 1946 1490 2026 pultis,

197 2066 283 2109 mous
301 2047 424 2120 montis,
448 2048 578 2129 exceptis
602 2067 618 2108 a
641 2048 729 2109 corde
749 2047 936 2129 compositis,
959 2048 1027 2126 quia
1050 2049 1068 2109 d
1088 2049 1197 2110 babent
1214 2067 1268 2128 pro
1289 2057 1314 2117 t,
1334 2056 1367 2108 nt
1389 2066 1492 2109 vecors

197 2150 345 2224 vecordis,
366 2169 490 2211 concors
512 2150 682 2224 concordis,
706 2150 820 2211 discors
841 2149 1002 2225 discordis3
1026 2156 1143 2210 servant
1161 2149 1239 2209 enim
1262 2149 1398 2228 primitivi
1420 2168 1491 2209 con·

197 2259 349 2312 sonantem
375 2252 517 2329 genetivi:
548 2259 577 2313 ει
603 2250 786 2312 differentiae
814 2270 903 2312 causa
930 2252 1012 2312 lrons
1039 2250 1152 2312 frondis
1178 2240 1197 2324 ἡ
1224 2242 1339 2325 φυλλάς
1373 2257 1403 2309 ει
1425 2249 1491 2311 lens

196 2352 290 2414 lendis
318 2347 519 2429 rbaovldtom
549 2360 701 2434 praeterea
721 2352 811 2430 glans
826 2351 941 2431 glandis
964 2360 993 2412 ει
1009 2351 1151 2432 libripens
1171 2350 1360 2432 libripendiS,
1383 2350 1451 2430 quia
1473 2370 1490 2411 a

159 2473 186 2514 ao
197 2453 293 2534 pendo
309 2454 401 2515 verbo
421 2455 614 2535 componitur.
659 2454 718 2514 Pac
739 2452 776 2514 ab
799 2473 834 2514 eo
858 2456 934 2532 quod
959 2461 1093 2534 estpars
1116 2452 1313 2514 derivativum.
1358 2451 1490 2514 Diminu·
1508 2464 1558 2518 183

195 2556 284 2617 tivum
308 2554 467 2635 particula;
494 2555 614 2616 verbum
638 2574 705 2616 vero
734 2555 829 2635 partio
858 2563 886 2614 et
909 2553 1036 2635 partior,
1065 2555 1144 2632 quod
1166 2555 1197 2616 io
1220 2555 1321 2616 eadem
1344 2555 1490 2615 iuvenitur

194 2655 421 2736 significatione,
444 2665 473 2717 ει
492 2675 527 2717 ex
546 2674 581 2717 εο
601 2656 764 2736 composita
786 2654 928 2734 dispertio
950 2663 980 2716 et
997 2656 1156 2736 dispertior
1178 2666 1206 2717 et
1228 2656 1364 2736 impertio
1386 2664 1416 2716 et
1435 2655 1489 2716 im-

195 2759 312 2839 pertior.
355 2759 407 2819 llic
436 2759 472 2819 ab
495 2778 530 2819 eo
553 2758 757 2839 compositum.
802 2757 989 2837 Participium
1013 2765 1043 2818 et
1069 2757 1212 2838 participo
1239 2757 1398 2837 participas
1421 2775 1489 2836 par-

194 2860 304 2939 ticipat
344 2859 479 2921 similiter
498 2867 716 2939 componuntur
734 2859 770 2919 ab
794 2878 828 2943 ep
844 2878 949 2939 expers
973 2859 1100 2939 expertis
1121 2867 1150 2920 ει
1165 2859 1314 2938 particeps
1335 2858 1488 2938 participis

158 2981 184 3020 as
195 2969 224 3021 et
245 2962 397 3041 proportio
418 2969 448 3021 et
468 2961 624 3041 bipertitus
646 2968 676 3021 et
699 2960 861 3040 tripartitus
883 2969 912 3020 et
934 2959 1049 3021 similia.

280 3062 469 3124 Geruutur
497 3081 571 3141 quae
599 3081 668 3143 pars
701 3061 842 3123 orationis
871 3059 935 3122 est?
980 3061 1115 3123 Verbum.
1155 3059 1269 3132 Quale?
1309 3060 1486 3122 Perfectum.
1592 3120 1601 3135 ‚

89 3227 95 3234 ,
195 3163 362 3235 Quomodo
386 3163 516 3225 dictum?
549 3164 715 3224 ludicativo.
753 3163 842 3224 Cuius
861 3160 1095 3242 coniugationis?
1114 3163 1244 3235 Tertiae,
1266 3162 1487 3242 significationis

193 3265 341 3345 passivae,
365 3266 478 3327 numeri
499 3263 636 3345 pluralis,
662 3266 772 3343 figurae
794 3264 951 3345 simplicis,
973 3265 1114 3346 temporis
1138 3265 1318 3345 praesentis,
1341 3282 1486 3344 personae

192 3368 304 3428 tertiae.
345 3366 463 3427 [leelina
486 3359 625 3428 activum.
670 3368 746 3427 Gero
773 3367 851 3444 geris
872 3367 947 3444 gerit
970 3374 1000 3426 et
1027 3376 1133 3428 cetera.
1178 3364 1486 3446 Quare-praeteritum
1504 3380 1552 3432 184

158 3469 271 3546 sogessi
293 3465 400 3548 iallcit'l
434 3468 508 3539 Quia
529 3469 560 3529 in
579 3488 612 3529 ro
633 3469 795 3529 desinentia
819 3468 921 3529 tertiae
937 3447 1152 3547 coniugatiouis
1174 3469 1203 3529 in
1225 3468 1251 3528 u'
1269 3468 1379 3530 iaciunt
1400 3485 1485 3547 prae-

194 3570 310 3630 teritum
334 3570 512 3649 perlectum,
541 3578 575 3630 ut
598 3589 707 3649 quaero
730 3570 874 3649 quaesivi,
901 3578 963 3631 tero
989 3571 1068 3644 trivi,
1094 3571 1224 3650 exceptis
1247 3589 1301 3631 uro
1318 3568 1396 3643 ussi,
1416 3587 1486 3647 gero

192 3671 286 3748 gessi,
310 3690 396 3731 curro
417 3671 549 3746 cucurri;
572 3690 607 3732 ex
629 3691 688 3750 quo
712 3671 874 3751 composita
893 3671 963 3732 licet
985 3681 1017 3734 ut
1038 3671 1082 3732 vel
1104 3671 1255 3752 duplicent
1276 3671 1306 3731 in
1328 3670 1487 3750 praeterito

192 3774 323 3853 perlecto
346 3793 381 3834 cu
404 3772 447 3832 vel
469 3792 543 3846 non,
573 3773 698 3834 decurro
719 3772 873 3834 decucurri
895 3782 924 3833 et
945 3773 1077 3848 decurri,
1101 3793 1242 3854 percurro
1264 3772 1434 3854 percucurri
1458 3780 1486 3832 et

192 3876 334 3953 percurri.
380 3875 477 3945 Quare
501 3876 580 3952 gessi
607 3881 708 3951 gestus
732 3874 801 3934 lacit
826 3873 1033 3955 participium?
1077 3875 1231 3947 Quomodo
1254 3885 1283 3935 et
1307 3875 1368 3936 ussi
1391 3882 1484 3936 ustus.

158 3977 321 4053 aequaesivi
343 3994 460 4054 quoque
488 3983 628 4065 quapstus
656 3963 672 4034 ὁ
693 3968 785 4055 πόρος
807 3976 988 4037 differentiae
1013 3995 1103 4038 causa
1130 3977 1214 4051 lacit3
1240 3995 1307 4037 nam
1334 3974 1485 4052 quaesitus

191 4067 376 4153 ὃζητηθεί.
421 4077 480 4138 Fac
506 4077 759 4155 frequentativum.
801 4077 891 4138 Gesto
917 4085 1016 4156 gestas
1037 4085 1148 4156 gestat:
1181 4075 1384 4157 aparticipiis
1407 4072 1484 4135 enim

192 4179 339 4258 praeteriti
363 4177 544 4260 pletrumque
566 4180 640 4238 frunt
661 4178 888 4254 frequentativa:
914 4188 943 4239 ει
964 4198 981 4240 a
1002 4186 1086 4257 gesto
1105 4178 1199 4256 gestio
1220 4177 1311 4256 gestis
1330 4175 1433 4254 gestit,
1454 4175 1483 4236 id

192 4287 236 4340 est
258 4288 339 4341 motu
363 4280 495 4360 corporis
519 4279 651 4358 significo
673 4279 820 4356 gandium.
865 4280 918 4340 [lic
941 4280 977 4341 ab
1001 4299 1041 4342 eo
1064 4278 1119 4340 alia
1142 4278 1307 4339 derivativa.
1348 4275 1483 4351 Gerulus,

191 4380 269 4442 unde
298 4381 483 4461 componitur
509 4379 709 4459 nugigerulus.
753 4380 822 4440 iude
851 4390 897 4443 est
925 4381 1012 4442 etiam
1040 4380 1198 4459 gesticulor
1226 4378 1410 4458 gesticularis
1437 4378 1482 4438 vel

190 4483 366 4561 gesticulare
385 4482 577 4561 gesticulatur
604 4489 633 4542 et
656 4482 717 4561 ipsa
737 4500 785 4542 res
807 4481 1002 4560 gesticulatio.

260 4668 323 4719 din
342 4670 424 4734 primo
445 4666 584 4734 Aeneidos]
607 4670 667 4719 vab
738 4666 863 4733 isesia]
887 4667 988 4719 Terent.
1009 4667 1199 4734 Andr.1t,t
1271 4668 1415 4735 spectac

189 4736 330 4788 sueonum
348 4739 399 4789 illia
414 4739 459 4789 0.-
476 4737 541 4789 Solt.
560 4739 634 4789 daut.
656 4739 685 4789 ll
