3352 5490
723 348 936 410 aramum
1117 431 1124 442 ἱ
1415 348 1478 410 ass

184 529 380 594 ostenderet.
424 540 457 594 et
475 530 612 594 Latinos
634 531 765 617 quidem
787 531 867 594 artis
889 533 1044 595 metricae
1066 532 1240 616 scriptores
1264 536 1327 594 n'on
1349 530 1482 593 videtur

184 631 304 713 legisse
328 632 391 694 nisi
415 632 511 714 duos,
534 654 614 719 quos
635 635 706 719 ipse
726 634 907 696 nominavit
928 655 958 717 p.
982 634 1077 709 1321,
1107 632 1340 695 Terentianum
1363 641 1396 695 et
1418 632 1481 695 As·

184 735 338 799 monium.
384 733 575 797 deGraeeis
597 745 703 797 autern
730 757 814 821 quae
835 734 954 816 attulit,
976 756 1015 796 oa
1037 735 1146 797 omnia
1168 732 1346 797 Heliodoro
1368 743 1400 797 et
1416 732 1482 796 lle·

184 834 369 920 phaestioni
393 835 517 899 debuit.
552 858 593 898 ex
618 834 737 921 quibus
759 835 974 923 scriptoribus
990 834 1202 899 Heliodorum
1215 834 1357 917 Augusti
1375 842 1483 898 aetate

186 937 400 1022 antiquiorem
428 959 500 1000 esse
527 959 592 1001 uon
619 939 723 1020 magis
751 960 846 1024 quam
873 938 913 1001 de
943 938 1023 1002 luha
1050 938 1185 1001 metrico
1219 938 1296 1000 mihi
1330 936 1484 1022 probavit

187 1037 385 1100 llitscholius
409 1039 475 1101 iud.
498 1038 571 1102 lect.
587 1039 690 1101 Boon.
707 1039 831 1103 hibern.
845 1062 875 1102 a.
888 1042 968 1121 18111
982 1063 1012 1126 p.
1029 1039 1088 1103 xl.
1123 1048 1296 1125 utriunque
1317 1039 1403 1102 enim
1424 1035 1481 1101 ali·

188 1148 308 1226 quanto
331 1138 496 1202 inferioris
520 1142 636 1203 aetatis
658 1163 732 1203 esse
751 1164 943 1227 persuasum
964 1143 1079 1205 haheo.
1112 1140 1169 1203 sed
1187 1141 1265 1203 baec
1278 1161 1364 1202 nunc
1378 1141 1483 1219 mitto,

188 1242 340 1327 quoniam
359 1240 400 1303 de
412 1241 554 1304 metricis
577 1243 789 1327 scriptoribus
804 1242 869 1305 alio
887 1242 955 1306 loco
973 1243 1146 1307 dicendum
1166 1252 1224 1305 est.
1258 1240 1339 1306 illud
1354 1260 1482 1317 moneo,

189 1342 404 1422 l'risciauum,
417 1351 454 1404 ut
469 1343 502 1404 in
520 1341 579 1404 hoc
600 1342 684 1407 libro
705 1352 737 1406 et
754 1344 860 1428 ipsum
875 1343 1088 1409 Heliodorum
1105 1355 1137 1409 et
1154 1342 1484 1432 llephaestioncnr*),

188 1444 242 1528 qui
267 1442 357 1506 illum
381 1451 511 1506 secutus
532 1452 598 1523 cst,
628 1444 793 1517 adhibuit,
818 1447 864 1508 ita
886 1446 919 1508 in
946 1445 1001 1508 illo
1023 1448 1080 1531 qui
1102 1456 1153 1511 est
1174 1446 1215 1510 dc
1236 1447 1352 1530 figuris
1373 1466 1486 1508 nume·

189 1567 296 1608 rorum
319 1568 383 1607 uon
406 1542 511 1607 solum
527 1544 734 1626 Dardanum,
762 1548 788 1607 si
815 1546 909 1609 ruodo
928 1545 1121 1610 Dardanum
1142 1570 1214 1611 esse
1233 1559 1321 1611 reete
1341 1547 1484 1632 suspica-

188 1656 239 1709 tus
263 1669 352 1728 sum,
377 1648 434 1732 qui
459 1646 593 1733 Didymi
616 1649 809 1711 auctoritate
828 1668 907 1710 usus
929 1657 979 1711 est
1001 1670 1032 1732 p.
1055 1653 1150 1724 1351),
1181 1648 1237 1712 sed
1260 1649 1358 1711 etiarn
1379 1648 1486 1733 ipsum

190 1748 387 1833 Didymum,
410 1770 506 1834 quom
528 1748 671 1835 appellat
691 1771 722 1833 p.
748 1752 846 1829 1347,
871 1749 993 1833 legisse
1013 1749 1130 1812 videri.
1176 1750 1316 1834 denique
1338 1751 1371 1812 in
1394 1769 1487 1834 prec-

190 1849 459 1914 exercituminum
491 1848 575 1914 libro
602 1859 890 1936 progymnasmata
912 1849 1147 1934 Hermogenis,
1178 1872 1261 1936 quae
1290 1858 1358 1912 tum
1387 1847 1488 1934 vulgo

190 1952 389 2014 Graecorum
412 1951 576 2016 rhetorum
601 1952 710 2014 studia
731 1951 901 2032 tenebant,
934 1952 967 2013 in
989 1951 1144 2015 Latinum
1173 1940 1352 2014 sonnonem
1382 1958 1488 2013 trans·

190 2052 280 2134 tulit,
309 2061 341 2115 et
362 2051 554 2138 plerumque
576 2052 706 2139 quidem
730 2063 795 2116 tam
818 2062 970 2117 accurate
987 2052 1116 2117 Graeca
1131 2051 1234 2116 verba
1249 2051 1427 2137 expressit,
1452 2059 1491 2113 ut

191 2155 363 2240 quaedam,
385 2176 468 2240 quae
484 2153 563 2217 olim
581 2165 733 2242 corrupta
747 2164 856 2236 erant,
880 2176 923 2218 ex
939 2155 989 2219 his
1009 2154 1177 2218 emendari
1192 2160 1336 2240 possent.

277 2255 355 2319 Post
371 2255 430 2319 hos
448 2254 549 2319 libros
565 2259 659 2341 posui
676 2279 760 2337 euru,
779 2257 834 2342 qui
853 2258 885 2320 in
903 2254 1146 2342 exemplaribus
1161 2263 1258 2317 antea
1274 2254 1431 2340 inpressis
1449 2252 1490 2317 de

192 2356 465 2421 declinationibus
481 2357 534 2420 vel
557 2357 597 2420 de
613 2358 831 2423 declinatione
847 2358 1014 2422 nominum
1031 2357 1083 2420 vcl
1102 2357 1142 2420 de
1158 2356 1334 2439 generibus
1353 2353 1490 2419 inscribi

191 2460 370 2523 consuerit.
411 2460 543 2522 namin
568 2481 668 2525 manu
691 2460 819 2546 scriptis
842 2458 1009 2524 codicibus
1037 2459 1249 2522 institutio
1277 2456 1491 2521 Prisciani

191 2561 444 2646 grammatici
477 2559 524 2624 de
555 2562 713 2624 nomine
738 2570 773 2625 et
800 2561 1041 2648 pronomine
1068 2570 1106 2623 ct
1136 2558 1263 2623 verbo
1292 2559 1427 2639 dieitur;
1456 2558 1490 2620 in

191 2663 304 2749 paucis
321 2663 371 2725 his
386 2662 534 2725 additum
550 2663 661 2726 inveni
675 2669 720 2726 ‘et
733 2663 918 2749 participio’
937 2662 990 2726 vel
1007 2669 1053 2725 ‘et
1069 2662 1241 2749 participio
1256 2670 1288 2724 ct
1303 2657 1492 2723 verbalibus

192 2763 402 2828 nominibus'.
435 2786 532 2850 quam
557 2765 802 2849 inscriptionem
823 2787 895 2827 cunr
919 2765 1073 2852 princeps
1098 2765 1199 2828 editio
1221 2763 1397 2841 omisisset,
1418 2759 1492 2824 reli-

192 2868 247 2953 qui
265 2865 407 2929 editores
427 2867 472 2930 ita
488 2873 642 2953 utsupra
661 2868 817 2952 scriptum
837 2876 887 2929 est
904 2875 1121 2930 mutaverunt.
1163 2866 1190 2928 is
1214 2863 1298 2928 liber
1322 2872 1430 2926 autern
1450 2883 1494 2926 cx

192 2969 243 3048 iis,
263 2988 346 3053 quae
365 2968 406 3032 dc
424 2967 539 3033 iisdem
557 2969 704 3056 partibus
721 2969 877 3032 orationis
893 2969 926 3031 iu
943 2971 1064 3033 maiore
1080 2990 1177 3055 opere
1186 2966 1376 3030 Priscianus
1392 2964 1492 3049 serip-
1547 2963 1552 2971 ’

193 3072 251 3151 sit,
269 3071 314 3132 ita
332 3079 506 3157 excerptus
527 3080 576 3135 est
591 3070 786 3157 ‘compendii
810 3076 935 3151 causa’,
959 3078 996 3133 ut
1015 3071 1060 3133 ait
1078 3094 1110 3156 p.
1133 3070 1226 3150 13118,
1250 3067 1303 3130 ‘ad
1323 3066 1492 3130 instituen-

193 3172 252 3235 dos
271 3178 411 3257 pueros',
440 3181 478 3235 ut
498 3182 627 3259 praeter
647 3173 797 3259 exempla
815 3172 1084 3259 imperativorum
1107 3193 1150 3234 ex
1171 3169 1263 3234 libris
1287 3167 1434 3232 Terentii
1460 3174 1494 3229 et

193 3272 339 3336 Sallustii
363 3274 531 3361 adscripta
551 3297 582 3359 p.
599 3279 678 3339 1317
700 3276 759 3338 vix
778 3275 952 3361 quicquam
968 3274 1149 3354 contineat,
1174 3271 1262 3358 quod
1285 3293 1349 3333 non
1372 3269 1495 3332 rectius

193 3397 235 3438 ex
252 3374 306 3438 illo
324 3386 549 3460 cognoscatur.
584 3397 689 3463 neque
713 3385 763 3439 cst
783 3397 842 3439 cur
858 3373 940 3439 illud
955 3397 1020 3438 non
1037 3373 1079 3436 ab
1096 3375 1166 3460 ipso
1186 3373 1354 3437 l‘risciano
1375 3370 1424 3432 sic
1446 3369 1495 3433 in-

194 3478 341 3540 stitutum
358 3499 430 3541 esse
448 3477 610 3541 credatur.
628 3498 703 3541 nam
718 3498 916 3563 quamquam
932 3479 965 3539 in
982 3477 1032 3556 iis,
1049 3498 1132 3561 quae
1148 3475 1188 3539 do
1204 3474 1377 3540 verborum
1395 3469 1495 3535 decli-

195 3581 326 3642 natione
351 3578 403 3642 hic
425 3578 678 3665 praecipiuntur,
701 3579 860 3664 quaedam
883 3579 979 3642 aliter
1001 3600 1036 3641 se
1059 3576 1182 3642 habent
1201 3587 1298 3664 atque
1318 3576 1352 3638 iu
1371 3572 1494 3636 maiore

194 3702 307 3766 opere,
332 3691 440 3743 tamen
456 3702 516 3744 nec
535 3691 684 3768 pugnant
702 3681 781 3744 haec
799 3702 873 3743 cum
891 3678 956 3744 illis
979 3681 1073 3743 etita
1089 3689 1267 3765 conparata
1283 3686 1376 3758 sunt,
1397 3682 1434 3739 ut
1449 3674 1496 3738 sa·
1577 3756 1581 3761 Ι

158 3861 164 3871 .
194 3781 256 3846 cilc
275 3783 317 3846 ab
336 3782 407 3867 ipso
423 3792 571 3864 auctore,
593 3784 648 3869 qui
667 3802 705 3845 ea
719 3783 829 3868 pueris
846 3781 1056 3845 instituendis
1076 3779 1170 3843 utilia
1186 3802 1258 3843 csse
1279 3786 1425 3864 putaret,
1449 3776 1497 3839 ita

195 3885 295 3947 scribi
312 3886 486 3969 potuerint.
514 3886 691 3970 posteriorc
706 3893 814 3946 auteur
834 3893 941 3948 aetate
957 3885 1065 3947 minus
1083 3881 1258 3967 diligenter
1273 3902 1369 3967 quarn
1389 3878 1496 3942 maius

196 4010 277 4072 opus
303 3986 469 4050 Prisciani·
486 3987 540 4051 hic
560 3985 693 4050 libellus
715 3992 875 4048 tractatus
895 3993 946 4048 est
968 3985 1011 4049 ab
1035 3986 1073 4048 iis
1096 3985 1151 4068 qui
1173 3984 1236 4047 arti
1260 3980 1495 4063 grammaticae

196 4110 328 4176 oporam
356 4087 490 4152 dabant.
536 4089 608 4174 qui,
631 4088 660 4150 si
680 4087 865 4151 breviorem
888 4088 968 4150 artis
990 4087 1227 4149 institutionem
1255 4080 1497 4161 desiderabant,

195 4212 267 4253 euru
282 4190 419 4254 aliorum
437 4190 722 4274 grammaticorum
743 4198 810 4252 tum
826 4187 949 4253 Donati
972 4187 1073 4252 libros
1096 4186 1138 4250 ad
1160 4208 1254 4250 suum
1276 4206 1369 4248 usum
1394 4185 1498 4268 magis

264 4395 288 4455 *i
307 4398 368 4446 Non
387 4398 457 4446 satis
475 4401 580 4447 certam
599 4410 712 4445 causam
731 4410 792 4445 esse
811 4394 906 4455 video,
927 4410 977 4445 eur
993 4395 1168 4444 Prisciauum
1187 4391 1350 4457 ampliorem
1367 4388 1498 4455 Hephae·

196 4482 296 4532 stionis
314 4482 428 4543 librum,
453 4497 534 4546 quam
552 4496 625 4530 nunc
644 4486 700 4543 est,
726 4480 859 4530 hahuisse
882 4480 992 4541 dicant,
1016 4483 1164 4544 propterea
1188 4477 1260 4542 quod
1277 4478 1306 4524 in
1326 4480 1448 4525 extremo
1465 4474 1498 4525 li·

196 4567 259 4629 bro,
286 4583 347 4615 cum
371 4567 529 4616 testimonio
547 4565 765 4631 Hephaestionis
788 4580 853 4615 usus
877 4564 945 4614 duos
967 4579 1064 4613 versus
1087 4561 1245 4627 Eupolidis,
1270 4560 1316 4624 qui
1339 4563 1403 4608 sunt
1427 4557 1499 4624 apud

197 4651 272 4699 illum
291 4668 317 4715 p.
338 4650 385 4698 lou
405 4651 447 4700 ed.
467 4650 557 4700 Gaisi.
576 4650 630 4713 (cd.
650 4649 710 4716 pn),
730 4649 933 4715 adscripsisset,
953 4648 1117 4713 interposito
1136 4642 1228 4695 ‘idem’
1247 4645 1406 4709 pronomine
1425 4642 1500 4694 subi-

198 4735 236 4784 cit
254 4741 310 4784 tres
330 4735 415 4797 alios,
439 4735 484 4798 qui
502 4735 575 4800 apud
594 4734 668 4784 illum
686 4749 740 4784 non
759 4733 897 4799 leguntur.
933 4737 1044 4798 poterat
1063 4731 1136 4781 enim
1154 4730 1203 4780 hos
1222 4730 1257 4779 ab
1275 4728 1445 4791 Heliodoro,
1470 4743 1505 4778 ex

199 4835 252 4885 quo
270 4820 329 4885 ipso
347 4819 455 4884 priores
471 4818 540 4870 duos
557 4818 730 4886 Hephaestio
749 4833 855 4884 quoque
873 4818 1016 4884 recepisse
1032 4816 1156 4880 videtur,
1175 4819 1280 4881 petere.
