3352 5490
259 349 322 408 446
814 349 998 412 entsctant

311 477 331 517 p.
344 463 401 504 taor.
415 464 427 503 s
439 463 461 502 e.
1344 477 1366 517 p.
1376 465 1423 508 aas.
1437 466 1464 506 oc
1475 466 1502 507 ιι.

259 536 410 595 ιιιιιιιιιιιιιιι
437 533 551 597 ultimis·
574 541 602 593 et
630 533 816 613 paenultimis
844 533 963 611 syllabis
984 536 1182 612 genetivorum
1211 535 1297 596 latius
1320 536 1348 595 ιιι
1372 536 1448 600 lilrro
1471 545 1559 598 sexto

213 640 240 690 u
258 636 295 696 de
318 636 435 696 nourine
456 635 618 694 docuimus,
663 635 692 694 iu
717 653 769 694 eris
791 634 953 694 desinentia
978 636 1090 695 Graeca
1113 646 1182 697 saint
1204 647 1232 696 et
1254 637 1402 698 secundae
1424 637 1559 699 declina·

259 738 360 809 tionis,
382 746 411 796 ut
434 737 482 797 lric
504 736 619 814 Tydeus
640 734 750 814 Tydei,
773 735 909 814 Orpheus
932 736 1059 815 (lrplrei,
1080 736 1180 798 Oileus
1204 737 1287 797 (lilai.
1332 739 1360 798 iu
1384 757 1432 798 um
1450 720 1556 802 omnia

258 838 404 898 secundae
438 836 640 898 declinationis
672 845 758 909 sunt,
792 845 824 896 ut
859 837 915 896 lruc
950 836 1088 916 templum
1124 838 1211 898 liuius
1243 839 1360 918 templi,
1391 840 1556 902 Palladium

259 939 387 1000 Palladii.
1580 965 1594 1002 s

210 1048 241 1097 151
344 1041 439 1100 Tertia
466 1040 621 1100 declinatio
647 1037 736 1099 habet
766 1038 933 1098 terminales
965 1039 1077 1100 litteras
1104 1039 1223 1111 decem,
1254 1043 1489 1112 aeoclnrstn,
1523 1054 1554 1105 ut

257 1144 313 1202 doc
339 1150 471 1201 toreuma
496 1144 552 1202 lroc
579 1145 686 1201 monite
712 1142 788 1200 naec
815 1144 911 1213 carpo,
939 1141 996 1201 hoc
1024 1141 1070 1202 lac
1099 1141 1186 1202 huius
1209 1142 1307 1214 lactis,
1332 1144 1384 1212 liic
1408 1144 1467 1217 sol,
1496 1146 1556 1207 lioc

256 1263 374 1310 nomen,
396 1244 443 1303 liic
466 1253 579 1314 orator,
601 1243 674 1304 hacc
696 1241 808 1312 civitas,
832 1241 888 1301 lioc
910 1251 1007 1320 caput,
1031 1242 1079 1302 laio
1102 1250 1131 1301 et
1149 1247 1154 1318 Ι
1174 1243 1247 1303 haec
1269 1253 1299 1305 ct
1319 1246 1376 1306 lroc
1400 1246 1476 1307 lelix.
1524 1248 1554 1309 in

257 1364 272 1407 a
293 1354 396 1407 neutra
413 1354 443 1405 et
463 1346 492 1405 in
517 1365 533 1403 e
553 1353 719 1424 correptam
739 1351 768 1403 et
789 1344 818 1403 in
840 1344 971 1403 comnia
991 1344 1095 1404 ter-tiae
1114 1354 1184 1403 sunt
1205 1344 1417 1417 declinationis,
1440 1357 1473 1408 ut
1495 1349 1554 1410 hoc

256 1456 387 1509 toreuma
421 1447 508 1507 lituus
537 1445 723 1517 toreumatis,
757 1446 813 1505 lroc
848 1444 957 1504 monile
983 1445 1070 1504 lrrrius
1098 1425 1230 1517 monilis,
1257 1447 1364 1522 sedile,
1386 1448 1479 1525 ovile,
1504 1451 1595 1511 lricto

208 1557 240 1609 to
259 1550 346 1622 Cato,
374 1550 448 1609 liaeo
473 1549 568 1626 virgo,
596 1546 644 1606 nic
671 1555 700 1606 ct
727 1546 800 1605 haec
823 1547 920 1606 laomo.
965 1545 1108 1624 excipitur
1139 1547 1196 1607 lroc
1217 1566 1304 1627 cepe,
1332 1548 1553 1632 qttod‘aptotou

257 1660 317 1724 est;
339 1651 445 1710 dicitur
467 1657 564 1709 tamen
587 1648 710 1709 ethaeo
732 1666 805 1726 cepa
828 1647 914 1708 liuius
937 1665 1036 1727 cepae.
1082 1647 1111 1707 in
1133 1647 1211 1707 cael
1233 1649 1242 1709 Ι
1266 1649 1309 1708 rel
1332 1668 1349 1708 n
1373 1649 1416 1709 vel
1440 1652 1513 1712 tvel
1536 1672 1553 1712 ιι

257 1751 420 1812 desinentia
448 1750 544 1809 omnia
575 1748 678 1807 tertiae
701 1757 770 1809 srtnt
790 1748 1010 1820 declinationis,
1032 1759 1064 1808 ut
1086 1749 1142 1808 hoc
1164 1748 1238 1808 allec
1260 1749 1346 1809 liuius
1368 1750 1468 1812 alleeis
1489 1756 1555 1831 (ge-

256 1872 313 1912 nus
339 1860 384 1912 est
409 1851 527 1930 piscis),
556 1849 658 1911 consul
687 1850 834 1922 consulis,
865 1851 949 1910 Titan
977 1850 1103 1922 Titanis,
1131 1850 1258 1929 sinciput
1283 1851 1441 1931 sincipitis,
1465 1854 1552 1915 lallax

256 1954 376 2015 fallacis.
422 1952 451 2012 iu
477 1970 492 2011 r
513 1951 690 2023 desinentia,
713 1952 738 2010 si
761 1971 819 2012 uou
842 1951 901 2012 sint
922 1952 1070 2012 secundae
1086 1951 1303 2031 declinatipnis,
1323 1952 1360 2012 do
1381 1971 1436 2031 qua
1461 1974 1551 2035 supe·
1565 1976 1588 2014 u

254 2057 317 2117 rius
342 2053 511 2124 docuimus,
541 2053 605 2112 sina
634 2052 722 2114 dubio
747 2054 849 2113 tertiae
877 2061 946 2113 sunt
967 2052 1186 2127 declinationis,
1211 2061 1242 2113 ut
1264 2053 1311 2114 liic
1335 2053 1441 2115 Bostar
1463 2056 1552 2117 lurius

255 2156 403 2228 Bostaris,
427 2173 516 2233 agger
537 2153 668 2231 aggeris,
689 2155 761 2215 liaeo
785 2173 870 2215 soror·
889 2154 938 2214 liic
957 2163 985 2214 et
1005 2154 1078 2214 haec
1099 2154 1218 2222 felicior,
1241 2155 1289 2215 hic
1309 2164 1338 2215 et
1351 2156 1424 2216 haec
1445 2166 1475 2217 et
1495 2160 1553 2217 hoc

206 2269 237 2318 17
255 2278 384 2328 memor,
408 2257 464 2316 lroc
484 2256 604 2333 laquear
626 2256 713 2317 liuius
741 2256 896 2333 laquearis.
943 2255 972 2314 iu
999 2275 1013 2314 s
1036 2273 1104 2316 roro
1123 2256 1287 2317 desinentia
1310 2257 1439 2335 utrinque
1460 2259 1553 2318 ‹leeli-

254 2361 420 2422 nationibus
442 2360 608 2417 llectuutur.
647 2376 701 2436 pec
722 2357 930 2417 antecedentes
954 2357 1042 2433 igitur
1063 2356 1177 2416 vocales
1200 2376 1233 2417 ea
1261 2359 1473 2420 discemamus.
1520 2362 1550 2420 iu

252 2482 286 2523 as
311 2461 472 2523 desinentia
500 2458 600 2518 Latina
624 2457 741 2536 quidem
767 2458 863 2518 omnia
888 2445 991 2518 tertiae
1013 2465 1081 2517 sunt
1102 2458 1318 2544 declinationis,
1342 2460 1451 2520 Graeca
1475 2475 1582 2522 remeo

254 2583 328 2642 qttac
349 2563 377 2622 iu
399 2582 431 2632 ος
451 2561 608 2621 terminant
625 2560 887 2638 genetivumapud
907 2559 1050 2632 Graecos,
1073 2568 1102 2618 ut
1127 2557 1174 2620 liic
1194 2560 1346 2622 Maecenas
1369 2561 1457 2622 huius
1471 2563 1551 2623 lilae-

253 2665 381 2730 cenatis,
405 2664 452 2723 liic
475 2661 599 2741 Arpinas
622 2661 709 2722 huius
733 2659 896 2740 Arpinatis,
922 2660 995 2720 llaec
1018 2661 1112 2739 pietas
1134 2661 1221 2721 huius
1245 2662 1376 2740 pietatis,
1400 2662 1550 2725 tricatus

254 2763 268 2850 ΙΙ
286 2768 373 2828 lartius
395 2764 533 2833 atlantis,
556 2761 629 2821 haec
649 2761 742 2823 Pallas
759 2762 846 2822 lurius
869 2761 1002 2822 Palladis.
1040 2763 1070 2822 in
1092 2782 1125 2823 es
1140 2770 1304 2842 correptam
1328 2764 1423 2824 omnia
1447 2768 1552 2826 tertiae

253 2877 322 2930 stant
339 2864 558 2938 declinationis,
578 2872 609 2923 ut
628 2863 676 2924 liic
696 2862 781 2923 miles
802 2863 889 2923 liuius
912 2861 1026 2934 militis,
1050 2863 1123 2923 llaec
1144 2884 1229 2942 seges
1252 2865 1338 2924 liuius
1360 2867 1476 2943 segetis,
1501 2868 1549 2927 lric

204 2981 236 3031 18
254 2978 284 3031 et
310 2971 384 3031 hacc
413 2976 441 3029 et
468 2968 525 3027 hoc
554 2973 631 3025 teres
661 2964 750 3025 huius
778 2965 887 3025 teretis.
919 2965 961 3024 -in
991 2984 1023 3024 es
1053 2965 1224 3045 productam
1251 2965 1414 3026 desinentia
1436 2967 1546 3028 Graeca
1557 2982 1584 3021 aa

253 3071 385 3151 quidem,
404 3089 479 3148 quac
502 3068 667 3145 genetivum
681 3066 823 3126 Graecum
848 3065 876 3125 in
899 3066 1015 3138 aug-rel
1037 3067 1066 3126 iu
1089 3086 1136 3136 εος
1159 3067 1332 3142 terminant,
1355 3068 1457 3128 tertiae
1476 3079 1547 3130 sunt

252 3172 470 3244 declinationis,
494 3179 525 3229 ut
550 3159 565 3227 ὃ
584 3156 763 3245 Ἑρμογένης
783 3167 835 3225 τοῦ
853 3156 1045 3246 Ἑρμογένους
1069 3167 1117 3228 hio
1141 3168 1341 3246 Hermogenes
1362 3169 1450 3229 liuius
1473 3170 1548 3231 ller-

253 3275 399 3354 mogenis,
429 3261 615 3345 ὁἘτεοκιῆς
643 3269 696 3328 τοι
719 3261 885 3339 Ἐτεοκλέος
911 3268 960 3329 lric
987 3268 1124 3329 Eteocles
1151 3268 1238 3329 liuius
1267 3270 1411 3346 Eteoclis3
1442 3273 1545 3334 latina

252 3395 334 3445 vcro,
363 3375 387 3434 si
415 3382 482 3433 anta
511 3391 543 3432 es
570 3372 577 3431 i
607 3370 776 3436 lrabueriut,
804 3371 923 3448 quintae
954 3379 1024 3431 sunt
1052 3370 1271 3443 declinationis,
1300 3380 1331 3431 ut
1359 3373 1432 3432 lraec
1455 3374 1546 3434 iacies

252 3478 340 3537 hericis
362 3475 459 3554 faciei,
479 3473 552 3533 liaeo
574 3471 666 3533 series
688 3472 774 3533 liuius
794 3472 895 3544 seriei,
919 3472 993 3532 haec
1009 3472 1072 3533 dies
1095 3472 1182 3533 liuius
1204 3473 1269 3532 dici.
1305 3472 1447 3552 excipitur
1469 3474 1582 3538 lraecao

252 3579 336 3656 quies
364 3575 451 3636 liuius
477 3574 597 3653 quietis,
627 3571 709 3633 cultis
729 3574 925 3653 compositum
947 3574 1022 3633 lraec
1043 3573 1158 3651 requies
1181 3574 1269 3634 liuius
1292 3575 1432 3652 reqtrietis
1451 3585 1481 3636 ct
1499 3596 1546 3638 ee-

204 3693 235 3746 lt}
252 3678 329 3758 utrici
358 3678 428 3738 lacit
453 3675 627 3754 genetivum.
672 3675 727 3735 alia
755 3694 822 3761 vero
851 3675 946 3736 omnia
974 3674 1077 3734 tertiae
1105 3685 1175 3736 srurt
1203 3675 1420 3740 declinationis,
1443 3685 1476 3737 ut
1497 3678 1546 3739 liic

254 3779 350 3840 Vlixes
372 3778 459 3839 hericis
471 3777 573 3849 Vlixis,
597 3776 644 3837 nic
665 3794 763 3838 verres
784 3776 868 3838 herlus
891 3776 996 3849 reneis,
1020 3776 1092 3836 haec
1111 3776 1216 3836 caedes
1232 3777 1319 3837 liuius
1343 3778 1451 3856 caedis,
1471 3778 1545 3839 haec

250 3881 345 3943 ritibcs
367 3880 454 3941 neritis
477 3879 579 3952 nubis,
602 3879 650 3939 liic
673 3879 796 3939 ethaeo
818 3879 904 3940 lieres
932 3878 1019 3938 liuius
1042 3877 1179 3949 heredis,
1201 3878 1249 3938 liic
1271 3888 1300 3938 et
1320 3880 1392 3939 liaeo
1411 3878 1544 3958 locuples

250 3984 337 4044 liniris
369 3981 532 4061 locupletis
577 3980 761 4060 excipiuntur
787 3981 860 4040 llaec
890 3999 937 4040 res
961 3979 1047 4039 liuius
1075 3978 1137 4048 rei,
1167 3980 1239 4038 llaec
1265 4000 1333 4059 spes
1358 3980 1445 4040 liuius
1466 3982 1541 4060 spei,
1552 3999 1579 4040 aa

250 4086 323 4146 llilcs
341 4085 422 4154 fidei,
445 4083 546 4163 plebes
567 4082 678 4162 plebei,
697 4082 776 4160 quod
796 4090 825 4140 ct
846 4080 928 4160 plebs
947 4080 1042 4159 plebis
1063 4080 1177 4141 elicitur.
1223 4082 1252 4141 in
1272 4081 1297 4140 is
1319 4082 1416 4142 oruuia
1440 4083 1544 4142 tertiae

157 4263 159 4267 Α
248 4195 317 4249 stant
344 4184 562 4256 declinationis,
589 4191 620 4244 ut
641 4182 689 4243 hic
713 4183 796 4244 collis
824 4183 910 4243 liuius
938 4181 1036 4253 colliS,
1067 4182 1115 4242 laic
1138 4182 1254 4243 Samnis
1282 4182 1368 4242 ludus
1392 4185 1543 4258 Samnitis,

247 4288 320 4348 llaec
341 4287 479 4366 Neapolis
502 4286 587 4346 ludus
606 4284 755 4365 Neapolis,
779 4286 852 4345 llaec
871 4284 907 4343 lis
931 4284 1018 4346 liuius
1040 4285 1114 4353 litis,
1138 4285 1185 4345 liic
1210 4294 1237 4344 et
1260 4285 1331 4344 lraec
1354 4285 1433 4344 utilis
1456 4284 1544 4345 liuius

247 4389 343 4468 utilis,
366 4389 413 4449 liic
439 4394 468 4447 et
491 4388 564 4448 lraec
591 4387 636 4447 dis
658 4385 734 4448 ditis.
780 4387 809 4447 in
837 4407 870 4448 os
900 4404 1017 4464 quoqtte
1047 4385 1143 4446 omnia
1167 4387 1268 4446 latina
1303 4386 1384 4444 etin
1417 4406 1450 4445 os
1473 4405 1544 4465 pro·

329 4541 345 4591 3
365 4543 446 4590 oileus
466 4540 523 4588 oilei
544 4553 560 4595 ς
580 4540 650 4590 oletis
670 4540 718 4588 olei
739 4541 760 4589 C
836 4541 850 4588 ῑ
871 4538 918 4587 hoe
933 4548 1091 4587 toreuma-
1106 4539 1178 4602 virgo
1194 4554 1240 4588 our.
1263 4537 1346 4586 Clroc
1367 4547 1479 4587 toreuma
1500 4539 1541 4593 tis,

247 4611 294 4661 lroc
313 4612 405 4659 nrouile
426 4611 466 4672 lis,
488 4608 529 4657 liic
544 4619 568 4658 ct
584 4610 645 4657 lraee
665 4609 737 4673 uirgo
756 4610 793 4656 uis
813 4623 829 4663 ς
922 4608 951 4655 tu
971 4606 1017 4655 lroe
1034 4608 1120 4656 bostar
1138 4606 1212 4655 lartius
1233 4608 1342 4656 bostaris
1359 4621 1375 4662 5
1466 4608 1497 4656 17
1517 4619 1542 4659 et

246 4682 293 4731 litio
311 4697 355 4730 orn.
374 4682 395 4729 C
478 4681 508 4729 ts
523 4680 547 4726 iu
564 4694 592 4727 es
611 4693 671 4726 uem
690 4678 840 4727 dissiueutia
857 4678 892 4726 C:
911 4676 935 4724 iu
954 4692 981 4724 es
1001 4691 1061 4725 uero
1080 4677 1221 4725 desinentia
1241 4678 1343 4739 ‹priutuc
1363 4677 1542 4727 declinationis

246 4751 408 4799 inueniuntur
427 4763 443 4803 ς
513 4747 545 4795 27
564 4756 620 4796 uto
642 4761 787 4800 rtertorrnuc
806 4761 854 4796 ror
877 4761 1037 4797 ιιινιιιιιιιιοιε
1053 4744 1094 4794 luc
1107 4747 1251 4810 crnrogiues
1271 4746 1347 4794 liuius
1365 4747 1505 4811 ccmoginis
1526 4763 1541 4796 o

247 4832 377 4868 sasoannc
394 4832 441 4867 ror
460 4817 640 4868 maonauocc
