3352 5490
739 351 949 414 PRAEFATIO
988 351 992 358 '
1433 348 1495 408 397

198 534 239 598 dc
261 534 462 619 ponderibus
485 544 517 598 et
538 546 604 599 trcs
628 534 701 599 libri
725 536 767 599 ad
791 536 1033 622 Symmachum,
1055 535 1137 599 haec
1157 537 1259 617 igitur
1281 533 1407 598 decimo
1426 553 1496 596 sae·

198 635 271 699 culo
298 636 420 721 scripta
448 644 534 699 sunt.
579 657 653 699 nam
677 637 718 700 de
741 647 895 722 quattuor
923 636 1053 700 schedis
1080 639 1189 699 105-
1205 639 1279 715 103,
1318 656 1399 722 quas
1426 644 1496 698 tum

198 761 270 801 cum
300 736 445 800 codicem
472 737 652 800 tractabam
684 739 860 831 antiquiori
889 738 974 825 parti
1002 759 1022 801 a
1049 760 1100 801 mc
1128 737 1269 801 tributas
1292 758 1365 801 esse
1387 735 1496 816 video,

199 838 313 903 dubito
342 859 430 901 nrrnc
457 860 499 900 an
527 839 635 923 potius
661 839 704 903 ad
731 841 943 925 posteriorem
969 841 1171 925 pertineant,
1201 838 1362 925 siquidem
1386 835 1496 901 Rufini

199 939 317 1003 librum
341 961 414 1001 cum
435 938 596 1024 Eutychis
618 939 701 1004 libro
722 943 757 1024 in
780 940 949 1005 codicibus
971 941 1128 1023 coniungi
1148 962 1211 1002 non
1231 940 1374 1005 memini.
1409 938 1496 1001 lruue

198 1043 299 1123 igitur
321 1039 465 1121 codicem
487 1050 639 1126 accurate
660 1043 815 1127 scriptum
840 1043 885 1104 ita
904 1053 1036 1105 secutus
1062 1063 1150 1118 sum,
1178 1050 1215 1104 ut
1234 1042 1304 1103 eius
1324 1039 1497 1104 auctorita·

199 1152 262 1204 tem
279 1163 344 1204 uon
362 1139 578 1227 relinquerem
593 1143 656 1204 nisi
674 1144 706 1204 iu
727 1145 766 1206 iis
784 1153 990 1234 quaelapertc
1008 1152 1161 1228 corrupta
1177 1140 1229 1205 vel
1245 1161 1362 1203 manca
1376 1150 1495 1204 essent.

198 1262 395 1328 quamquam
413 1245 500 1305 enim
520 1243 590 1305 eius
613 1244 806 1329 scripturam
831 1246 863 1307 in
885 1266 950 1309 non
972 1242 1070 1306 nullis
1094 1244 1174 1306 locis
1192 1241 1328 1307 aliorum
1347 1242 1497 1307 codicum

198 1345 392 1407 auctoritate
416 1342 581 1406 emendari
604 1343 655 1407 vel
681 1345 825 1430 suppleri
850 1346 996 1431 potuisse
1016 1343 1177 1420 concedo,
1209 1354 1318 1407 tamen
1341 1344 1497 1409 maiorem

199 1468 308 1509 euram
333 1444 408 1508 huic
437 1442 550 1509 libello
579 1445 757 1530 inpendere
780 1445 884 1524 nolni,
918 1448 1108 1533 praesertim
1132 1466 1205 1507 curn
1236 1444 1277 1508 de
1301 1444 1380 1526 illis,
1413 1466 1497 1532 quac

200 1549 232 1609 in
252 1546 348 1609 editis
366 1544 610 1631 exemplaribus
626 1555 750 1608 mutata
765 1557 852 1628 sunt,
869 1568 981 1611 omnes
995 1546 1126 1610 codices
1141 1547 1325 1610 consentire
1339 1545 1496 1611 viderem.

199 1649 308 1733 itaque
320 1646 381 1710 hoc
391 1668 459 1709 uno
471 1644 554 1710 duce
568 1658 740 1711 contentus
756 1669 797 1710 ex
817 1649 914 1712 editis
929 1647 1183 1736 exemplaribus,
1199 1669 1216 1710 c
1234 1644 1352 1733 quibus
1367 1654 1499 1732 praeter

199 1750 378 1835 principem
402 1746 577 1811 editionem
600 1749 733 1813 adhibui
756 1749 994 1814 Ascensianarn
1021 1758 1054 1813 et
1073 1747 1246 1830 Aldinam,
1273 1768 1312 1811 ea
1337 1768 1422 1833 quae
1443 1746 1496 1813 vel

199 1858 287 1913 recte
309 1849 481 1912 emendata
503 1849 555 1913 vel
579 1850 680 1936 digna
701 1872 773 1914 esse
802 1853 958 1916 memoria
977 1852 1175 1916 videbantur
1197 1849 1365 1913 adnotavi.
1407 1868 1498 1932 prac-

198 1960 288 2014 terea
310 1952 344 2014 in
366 1951 406 2013 iis
427 1970 512 2034 quae
534 1973 578 2014 ex
589 1950 735 2015 Terentii
751 1961 783 2015 et
792 1950 939 2016 Sallustii
963 1952 1056 2016 libris
1078 1951 1246 2037 adscripta
1268 1959 1344 2013 sunt
1359 1973 1391 2035 p.
1408 1944 1498 2032 1317,

199 2053 371 2138 inquibus
393 2049 503 2137 paullo
525 2054 694 2116 certiorem
719 2062 751 2115 et
772 2052 962 2138 ampliorem
984 2053 1132 2118 codicum
1155 2054 1344 2116 memoriam
1371 2049 1499 2117 deside·
1588 2102 1597 2114 .

200 2156 265 2217 rari
293 2174 389 2238 posse
417 2151 663 2238 intellegebam,
698 2155 860 2239 integram
893 2154 1146 2241 discrepantiam
1176 2153 1314 2217 duorum
1347 2151 1496 2215 codicum
1594 2189 1597 2197 ·

199 2256 422 2319 Parisinorum
439 2256 523 2317 7559
539 2263 572 2317 et
589 2259 672 2318 7560
688 2255 841 2341 adposui,
863 2277 998 2343 quorum
1020 2255 1175 2320 librorum
1198 2253 1347 2340 superior
1365 2251 1498 2317 saeculo

200 2358 325 2420 decimo
348 2356 488 2440 scriptus
512 2364 576 2437 est,
598 2359 759 2441 posterior
781 2357 965 2421 undecimo.

285 2458 439 2542 Sequitur
458 2465 496 2519 ut
516 2454 557 2519 de
580 2458 879 2541 partitionibus
900 2457 1110 2521 duodecim
1134 2477 1324 2520 versuum
1346 2455 1498 2519 Aenei-

199 2561 269 2623 dos
298 2558 435 2620 dicatur·.
481 2559 516 2620 in
543 2578 607 2642 quo
634 2556 717 2621 libro
744 2557 932 2622 Priscianus
960 2567 1057 2641 vetus
1084 2560 1267 2622 institutum
1295 2557 1497 2622 Graecorum

200 2660 485 2745 grammaticorum
508 2658 654 2722 imitatus
676 2669 740 2741 est,
763 2659 850 2746 quod
871 2660 949 2724 olim
971 2654 1146 2743 μερισμόν,
1170 2668 1286 2745 postea
1305 2658 1406 2743 vulgo
1429 2655 1496 2722 dut·

199 2752 364 2844 μερισμόν
385 2758 507 2823 dictum
530 2781 603 2824 esse
624 2759 737 2824 docuit
757 2760 915 2825 Lchrsius
937 2770 1011 2848 post
1033 2759 1216 2824 Herodiani
1242 2762 1365 2846 scripta
1391 2760 1456 2824 tria
1477 2781 1498 2823 a

200 2888 234 2928 sc
259 2863 348 2927 edita
370 2883 404 2948 p.
427 2865 490 2925 416
508 2883 579 2947 sqq.
624 2861 772 2926 solebant
796 2863 882 2926 enim
904 2861 952 2926 illi
975 2884 1031 2927 eos
1058 2862 1114 2947 qui
1136 2862 1280 2948 ipsorum
1304 2859 1498 2949 disciplinae

202 2966 312 3030 traditi
342 2971 436 3027 erant
463 2964 510 3026 ita
538 2984 708 3045 exercerc,
741 2975 778 3026 ut
805 2965 971 3051 proposito
997 2962 1108 3050 aliquo
1132 2984 1230 3027 versu
1256 2963 1311 3027 vel
1335 2962 1498 3027 sententia

199 3067 370 3152 scriptoris
398 3086 456 3150 per
484 3064 774 3148 interrogationem
807 3074 840 3128 ct
871 3067 1115 3152 responsionem
1150 3084 1223 3128 curn
1252 3063 1292 3128 de
1326 3062 1498 3127 scansione

199 3190 314 3233 versus
337 3176 406 3229 tum
429 3165 470 3228 de
491 3164 629 3249 singulis
657 3165 826 3231 vocabulis
855 3169 925 3231 eius
955 3189 1071 3232 versus
1096 3166 1151 3232 vel
1172 3165 1355 3229 sententiae
1374 3164 1497 3250 pracci-

199 3279 313 3357 perent
335 3276 368 3331 et
390 3266 448 3353 qui
470 3275 580 3330 essent
604 3267 708 3353 pedes
727 3290 856 3350 versus,
879 3291 962 3355 quae
978 3279 1088 3356 partes
1103 3267 1275 3350 orationis,
1298 3265 1377 3353 quid
1400 3264 1497 3329 unius

199 3372 356 3454 cuiusque
379 3367 482 3454 partis
505 3369 672 3453 proprium
695 3378 800 3449 esset,
829 3370 910 3456 quid
934 3369 1116 3453 accideret,
1144 3379 1177 3433 et
1199 3367 1308 3455 siquid
1329 3365 1419 3430 aliud
1439 3388 1498 3454 per

199 3471 297 3535 talem
321 3471 525 3533 occasionem
548 3492 612 3534 non
632 3471 833 3536 incommode
856 3494 891 3536 ae
916 3472 1104 3558 praeberet,
1131 3493 1172 3536 ex
1202 3469 1373 3556 discipulis
1399 3489 1497 3554 quae·

200 3581 318 3637 rcrcrrt.
362 3573 444 3634 satis
466 3572 602 3657 antiquo
625 3582 732 3636 autem
753 3582 900 3660 tempore
920 3595 992 3637 cam
1007 3572 1276 3638 consuetudinem
1295 3569 1496 3634 increbuisse

199 3697 240 3739 ex
277 3676 317 3737 iis
349 3673 501 3759 adparet,
537 3673 655 3759 quibus
688 3673 809 3738 Sextus
842 3674 1028 3761 Empiricos
1063 3673 1138 3738 adv.
1171 3694 1307 3760 gramm.
1337 3671 1353 3734 l
1382 3676 1400 3735 7
1425 3693 1496 3759 sqq.

197 3787 299 3840 totum
321 3776 383 3838 hoc
406 3795 510 3858 genus
533 3785 684 3840 accurate
703 3777 892 3862 descripsit,
915 3777 1008 3839 cuius
1029 3775 1131 3839 verba
1145 3775 1321 3861 adscripsit
1337 3773 1496 3839 Lehrsias

198 3900 229 3962 p.
253 3879 326 3941 424.
372 3875 429 3939 sed
460 3876 714 3962 postquam·diu
743 3879 777 3941 in
802 3876 922 3943 scholis
944 3878 1230 3964 grammaticorum
1254 3875 1334 3939 haec
1356 3873 1496 3940 docendi

199 3980 281 4042 ratio
304 3979 485 4042 exercitata
507 3988 574 4059 est,
609 3977 727 4042 litteris
750 3979 829 4043 haec
852 3978 1009 4043 mandare
1028 3992 1061 4041 et
1082 3976 1184 4042 libros
1212 3976 1357 4040 scribere
1383 3996 1496 4062 coepe·

198 4089 288 4160 runt,
318 4098 456 4164 quorum
484 4078 566 4142 alios
589 4077 687 4164 plane
710 4080 799 4144 illam
821 4080 1090 4145 exercitationem
1112 4077 1341 4142 scholasticam
1364 4098 1496 4163 expres·

94 4187 101 4195 '
199 4183 281 4245 sisse
304 4180 473 4268 probabile
496 4189 562 4263 cst,
592 4181 647 4244 alii
676 4204 716 4245 ca
744 4190 933 4268 praccepta,
964 4202 1048 4268 quae
1075 4179 1150 4243 huic
1173 4179 1221 4243 rei
1241 4177 1336 4241 utilia
1355 4199 1428 4241 csse
1447 4178 1496 4244 vi·

199 4282 375 4363 dabantur,
399 4281 542 4346 breviter
557 4291 808 4367 conposuerunt.
845 4283 921 4347 hinc
938 4284 1007 4347 nati
1028 4291 1105 4345 sunt
1124 4280 1201 4345 libri
1223 4287 1370 4343 extrema
1388 4286 1496 4345 aetate

199 4385 310 4470 scripti
334 4394 366 4446 et
390 4383 504 4448 ordine
527 4383 707 4448 litterarum
734 4386 898 4468 congesti,
927 4387 987 4477 ¹qui
1010 4405 1097 4447 nunc
1119 4379 1344 4464 ἐκιμερισμών
1365 4383 1496 4446 nomine

199 4486 348 4571 inscripti
369 4484 531 4550 seruntur.
574 4485 661 4548 bunc
681 4487 782 4571 igitur
805 4485 1005 4551 Graecorum
1027 4505 1150 4549 rnorem
1172 4482 1316 4546 imitatus
1337 4490 1388 4557 est
1409 4480 1497 4548 Pris-

199 4587 324 4649 cianus.
369 4594 467 4672 atque
489 4587 594 4651 atilli
617 4589 650 4650 in
673 4588 821 4652 instituto
843 4609 901 4652 suo
922 4586 965 4652 ab
984 4586 1128 4652 Homero
1149 4582 1314 4672 proficisci
1336 4583 1496 4668 solebant,

200 4690 245 4749 ita
265 4686 404 4751 Latinus
426 4690 659 4772 grammaticus
681 4710 745 4753 non
767 4699 895 4774 poterat
915 4710 980 4752 non
1004 4711 1025 4753 a
1045 4685 1208 4771 Vergilio,
1239 4685 1274 4748 in
1303 4706 1367 4771 quo
1391 4687 1497 4751 omnis

199 4788 382 4853 scholarum
405 4790 567 4856 institutio
584 4790 794 4874 versabatur,
816 4791 982 4855 materiem
999 4789 1210 4877 partitionum
1227 4807 1360 4851 suarum
1374 4798 1496 4877 petere.
1587 4856 1592 4865 ,
